3256 5310
10 283 13 287 ·
138 250 194 316 776

410 405 526 465 ΒΠΚΕ.

1439 242 1497 310 'tit

1057 401 1273 463 DUKKENJE.

136 482 262 555 duhel,
291 483 367 542 eb.a.
387 488 416 541 et
435 503 461 542 u.
477 482 551 542 W.o.
566 483 799 560 (conquiniscere,
836 482 966 553 duker,
988 500 1029 558 eg.
1050 481 1096 540 Nl.
1116 480 1224 551 duitor,
1254 478 1358 539 eauslis
1378 480 1433 539 snb
1452 479 1497 539 vin

174 562 296 638 effugere
315 560 436 619 aliorum
454 560 557 636 visum)
570 579 600 618 se
613 559 799 620 abscondere:

173 640 215 698 Hi
234 637 325 697 dukelt
342 639 397 695 lim
411 641 466 714 sar
485 637 536 706 mi,
562 636 611 695 ille
630 657 660 695 se
680 637 801 696 occultat

173 736 189 774 a
209 735 263 775 me.
292 714 341 774 Do
358 713 462 773 dukelst
475 715 578 788 jesar
597 714 668 781 tien
694 715 746 772 ont
764 713 801 771 dai

876 559 945 618 duas
971 558 1044 617 inter
1070 560 1157 616 fossas
1183 557 1311 636 aquarias
1332 557 1439 629 media,
1465 563 1498 616 nt

873 655 946 714 aqua
977 655 1012 694 ex
1041 634 1128 693 altera
1157 635 1187 693 in
1218 635 1350 706 alteram,
1379 634 1404 692 si
1424 653 1496 712 opns

873 722 931 784 est,
952 711 1040 770 libere
1060 713 1138 772 fluat.

174 813 224 870 ang
238 796 294 869 sor
315 790 392 850 dim?
418 791 478 867 ejus
501 790 598 849 oeulos
622 791 737 866 effugis;
764 790 799 847 ti·
836 789 965 858 duker,
992 808 1034 865 eg.
1060 789 1146 859 salix,
1177 789 1236 848 avis
1263 787 1403 866 aquatica,
1430 807 1496 865 qnae

173 888 268 928 meane
287 869 371 928 eum?
390 868 461 927 nait
473 867 518 924 usn
531 866 621 925 dakelt
633 887 682 938 on,
707 867 799 926 inians

173 945 308 1082 iiiiii.
323 943 463 1098 2⁸le?
485 943 581 1078 nti
598 943 702 1079 llll·
723 943 799 1079 iii·

173 1100 219 1157 ben
261 1117 292 1158 ro
311 1099 342 1156 F.
351 1118 375 1156 v.
395 1098 470 1167 bns,
492 1097 575 1155 idam.

136 1119 302 1251 dukeiie,
330 1174 408 1233 rb.n.
433 1174 462 1232 iu
484 1179 574 1250 eaput·
589 1174 676 1244 solvi,
701 1178 799 1251 petau-

173 1252 270 1310 ristam
290 1269 307 1309 a
326 1268 385 1320 ere;
415 1249 542 1310 urinare:
566 1252 619 1309 Oer
638 1250 661 1307 ’e
679 1253 730 1327 kop
749 1250 798 1308 du·

174 1329 254 1403 kelle,
281 1271 329 1386 Ni.
349 1346 410 1386 oser
432 1329 476 1385 iet
494 1328 578 1402 hoosd
595 1327 720 1398 eniens,
747 1328 799 1385 tui·

173 1406 261 1464 melem
284 1404 339 1463 Kil.
358 1404 501 1482 doykeleng
521 1404 639 1463 urinare.
713 1447 716 1453 .

136 1481 379 1552 dolel-laed,
398 1500 426 1540 n.
446 1481 514 1540 Eu.
533 1480 710 1556 duhel-hefft,
749 1479 797 1539 sti·

174 1559 264 1636 pitum
284 1558 370 1618 series
389 1558 444 1616 alte
464 1558 493 1616 in
513 1557 633 1616 fundum
653 1558 737 1616 maris
757 1558 797 1615 iu·

174 1638 228 1695 lixa
257 1641 286 1694 et
313 1655 348 1694 ea
375 1635 517 1694 communi
543 1640 629 1694 totsm
655 1633 797 1712 regionem

174 1714 303 1788 cingente
320 1713 450 1790 stipitum
463 1711 534 1771 serie
548 1712 578 1769 in
591 1731 667 1770 mare
682 1730 797 1787 proeur·

174 1809 252 1860 reus,
272 1795 304 1848 ut
322 1808 434 1847 ooeuum
456 1807 504 1865 per
524 1788 631 1847 fluxum
648 1789 797 1848 refluxum·

173 1885 228 1944 que
255 1866 339 1925 maris
367 1866 497 1933 retineat,
524 1870 552 1922 et
571 1883 628 1923 orae
648 1865 750 1924 littoris
769 1870 798 1923 et

172 1941 314 2018 stipitibus
335 1943 538 2000 firmamentum
559 1941 651 2017 addat.
680 1941 797 2019 Proprie

172 2022 254 2153 ιιι
768 2024 796 2152 ι

173 2173 330 2247 dulcet-wey,
361 2171 407 2229 ria
439 2171 538 2246 hyeme
570 2188 644 2247 aqua
676 2171 796 2241 obruta;

173 2249 346 2318 demetet,
372 2265 509 2326 aquarum
535 2265 663 2306 accessus
687 2249 795 2308 minans

172 2324 395 2385 inundationem.
415 2326 489 2383 Stiir.

135 2403 361 2474 dukel·hals,
392 2423 434 2481 og.
461 2402 544 2460 bomo
572 2400 707 2460 eerrioem
754 2419 797 2460 ro·

173 2501 240 2552 nus,
260 2481 349 2541 Sani
369 2480 551 2550 duel-noble,
571 2477 634 2538 Bnl.
654 2478 676 2538 I.
699 2419 763 2538 idi.

136 2558 435 2629 dulei-halsieh,
464 2557 517 2632 adj.
548 2556 596 2633 qui
626 2574 728 2614 cernua
754 2561 796 2616 est

174 2635 294 2703 eerviee,
315 2636 344 2692 It
362 2635 385 2692 is
404 2636 447 2692 im
466 2637 532 2709 tsjep
549 2634 655 2703 fomite,
674 2652 734 2690 mor
749 2634 796 2708 ijo

172 2714 229 2770 rint
241 2709 377 2845 didrliepds
388 2710 589 2770 duhel-halani.
609 2711 673 2769 Sex.
681 2710 699 2769 l.
713 2708 796 2768 dunk-

173 2790 255 2857 naut,
280 2787 385 2845 Bn.1.
407 2788 470 2848 267.

136 2864 326 2935 dulelieh,
360 2863 414 2940 adj.
448 2881 590 2934 eoeuosus,
624 2862 797 2940 uliginosum

173 2941 293 3018 dukels'pe
304 2942 381 3013 slent,
399 2941 493 3001 sulcus
506 2941 638 3019 aquarius
652 2959 796 3011 ooeuosun,

174 3021 254 3096 enjus
282 3018 386 3077 sundus
413 3038 469 3077 non
496 3025 537 3076 est
563 3037 654 3076 arenae
680 3017 724 3076 vel
750 3019 795 3076 fir·

175 3118 227 3154 mae
247 3095 368 3172 argillae,
388 3097 438 3155 sed
458 3095 549 3154 mollis
570 3094 646 3170 uligo
666 3095 695 3153 in
710 3113 795 3172 quam

176 3173 295 3251 pertica,
328 3191 384 3249 qua
414 3172 477 3230 fulti
507 3173 611 3229 saltum
637 3173 719 3241 dant,
752 3173 796 3231 vel

173 3255 275 3383 ἓοῖἑιιε
299 3249 406 3324 eymbee
426 3249 576 3318 trusntilis‚
602 3246 733 3320 subsidit,
762 3249 795 3309 F.

192 3347 209 3383 u
241 3371 247 3384 .

872 867 989 925 immota
1016 865 1082 925 ilioo
1109 865 1181 943 lapis
1207 866 1294 924 instar
1318 864 1440 924 subsidit
1466 865 1495 923 in

873 942 1055 1022 profundum.
1084 943 1128 1002 An
1150 988 1156 1002 .
1170 943 1275 1012 ducier,
1288 942 1366 1000 Senti
1379 942 1495 1010 {lerator¹

872 1021 962 1078 Alam.
983 1021 1087 1090 tuddul,
1143 1020 1170 1079 d.
1190 1020 1300 1078 innodet.
1333 1019 1363 1077 F.
1383 1019 1496 1088 merkel,

871 1097 998 1167 maol,
1030 1098 1146 1166 morkol,
1179 1096 1272 1166 idam;
1305 1095 1387 1173 plene
1422 1114 1498 1153 maer·

872 1173 943 1248 lenis,
971 1180 1004 1232 ut
1022 1174 1103 1244 leod,
1131 1174 1206 1244 head,
1226 1191 1278 1251 pro
1296 1173 1384 1246 healf,
1414 1172 1496 1247 ienis,

872 1250 952 1310 va.
978 1252 1129 1325 moer-kols.
1158 1251 1190 1310 F.
1210 1265 1283 1321 mor,
1310 1249 1397 1308 leons.
1428 1251 1495 1325 Ags.

871 1328 971 1402 eulfre,
986 1328 1005 1386 f.
1026 1327 1167 1397 columba,
1188 1328 1261 1402 Aug.
1274 1328 1376 1397 ealon,
1395 1329 1494 1402 Ange.

870 1404 986 1480 coisses,
1011 1404 1048 1481 pl.
1078 1404 1233 1473 eolnmbse,
1259 1423 1286 1481 q.
1310 1402 1337 1462 d.
1364 1401 1495 1461 eolnmbs

871 1481 1011 1558 aquatilis.
1037 1513 1077 1526 -
1102 1480 1149 1541 Nl.
1170 1480 1280 1550 dsiken,
1299 1480 1339 1557 pi.
1359 1478 1423 1550 doe,
1443 1478 1494 1537 im-

871 1558 1025 1633 mergebat3
1039 1558 1138 1634 nugs.
1150 1557 1228 1627 none,
1242 1558 1285 1616 Au
1306 1556 1400 1627 Aeolo,
1414 1575 1493 1625 anas,

871 1634 1001 1712 ellyptioe
1027 1653 1077 1712 pro
1097 1633 1248 1709 ducksosol.
1278 1576 1323 1692 riu
1344 1653 1383 1692 .s.
1403 1632 1495 1690 duodo

869 1717 940 1770 meat
963 1715 1088 1783 (suatum
1112 1711 1204 1784 oibns)
1225 1711 1297 1788 Aug.
1316 1653 1493 1780 ineis-need,

872 1791 997 1864 (anatum
1008 1786 1103 1863 herba)
1116 1787 1278 1858 lemnisens,
1291 1788 1323 1848 F.
1333 1787 1493 1856 eine-Ieron,

870 1869 998 1941 (anatum
1024 1866 1108 1940 olus.)

908 1944 981 2002 An.
1010 1941 1261 2014 Daci-andem,
1291 1940 1369 2001 lusus
1394 1958 1496 2019 puero·

869 2037 931 2078 rum
955 1963 1069 2110 lapillos
1096 2020 1196 2110 planos
1221 2019 1364 2108 levigatos
1386 2034 1496 2151 uapor

868 2097 1045 2230 ttulit?
1061 2096 1377 2260 entellinis.
1406 2094 1495 2228 illl

871 2255 980 2307 anatem
1007 2267 1111 2306 marem
1131 2246 1253 2326 psdrbus
1273 2266 1323 2325 per
1342 2266 1444 2325 aquom
1464 2253 1494 2305 et

870 2325 920 2385 alis
940 2346 991 2404 per
1003 2344 1097 2384 aerem
1111 2324 1285 2394 volitantem,
1301 2343 1387 2459 poem
1400 2323 1494 2458 serpi-

870 2407 917 2461 tur
936 2421 1011 2462 suas.
1041 2401 1147 2461 Confer
1165 2401 1281 2460 omnino
1328 2401 1444 2460 rand-li}
1456 2399 1493 2469 is,

871 2481 910 2539 ΙΙ.
935 2480 1006 2550 41‘1,
1032 2478 1128 2557 ibique
1147 2478 1232 2538 citata
1251 2477 1372 2537 Minnoii
1392 2478 1493 2537 Felieis

871 2555 967 2628 verbs,
986 2576 1002 2616 e
1022 2555 1125 2635 quibus
1145 2555 1231 2633 hujus
1249 2556 1329 2614 lusus
1343 2555 1400 2613 auti
1421 2553 1493 2612 uitas

890 2639 955 2693 stet.
1000 2634 1033 2693 F.
1065 2633 1207 2708 sonlderj'a
1241 2632 1303 2692 Gal.
1334 2633 1408 2690 rieoo
1439 2636 1494 2701 ter,

870 2653 935 2770 ilol.
956 2711 1116 2782 liminares,
1141 2710 1224 2770 idem.
1256 2708 1330 2769 Galli
1350 2709 1436 2768 Aooir
1461 2706 1494 2766 do

869 2789 931 2868 quoi
948 2789 1030 2864 faire
1054 2788 1099 2846 des
1123 2787 1265 2857 Aesone,
1291 2803 1321 2844 re
1340 2805 1393 2845 sua
1412 2785 1494 2862 largi·

870 2866 939 2924 tioni
963 2864 1022 2924 sive
1041 2863 1218 2942 dissipationi
1238 2882 1289 2942 par
1308 2881 1376 2923 esse.
1407 2863 1494 2921 Juve-

870 2943 914 3001 nis
934 2941 1137 3001 Amstelodami
1157 2940 1215 3000 vidi
1235 2944 1350 3000 nautam
1364 2959 1399 2999 ex
1413 2937 1494 2997 ludia

869 3019 1016 3090 reduoam,
1046 3019 1096 3097 qui
1122 3018 1272 3078 latissimos
1299 3035 1428 3076 nummos
1452 3035 1494 3073 ar·

869 3102 984 3174 genteos
1009 3116 1060 3173 per
1086 3095 1262 3174 superfieiem
1288 3094 1412 3153 fluminis
1437 3092 1493 3151 lJae

870 3173 1024 3233 resilientes
1044 3172 1221 3251 projiciebat;
1241 3191 1258 3230 a
1278 3190 1323 3230 me
1342 3170 1495 3244 interroga·

869 3255 915 3309 tus
936 3250 1005 3328 qnid
1024 3252 1078 3310 hoo
1097 3250 1151 3309 sibi
1171 3248 1300 3308 solebatl
1320 3247 1432 3318 „Terss'
1451 3246 1495 3305 in·

869 3328 942 3405 quit,
978 3373 994 3398 ,‚
1011 3327 1138 3400 navigavi
1171 3326 1201 3384 in
1236 3323 1331 3383 lndias
1360 3330 1393 3382 ut
1423 3324 1495 3382 hano

136 3402 311 3478 dukelige
331 3400 444 3469 daem,
471 3400 605 3458 transitus
625 3400 660 3458 de
680 3421 746 3477 agro
767 3402 796 3462 in
869 3423 928 3474 „ea
950 3422 1024 3462 erem
1047 3402 1242 3479 voluptatem.’'
1263 3400 1327 3460 Hal.
1348 3403 1412 3459 832.

173 3498 273 3557 ugrum
303 3495 438 3536 wnosus.
479 3475 598 3553 Tropiee
628 3477 695 3535 Der
723 3478 797 3537 seille
832 3479 912 3538 DUK
940 3478 1119 3538 Mnannns
1158 3476 1390 3552 (doelemettens)
1424 3475 1455 3533 F.
1467 3494 1495 3535 n.

174 3557 225 3615 root
255 3553 375 3632 dukelipe
399 3552 519 3611 &mosen
544 3571 631 3624 were,
664 3553 797 3612 verisimi-

175 3635 238 3693 liter
268 3632 350 3692 homo
380 3649 418 3689 ses
448 3630 571 3689 alienum
597 3637 678 3689 vetus
705 3629 796 3689 habet.

175 3711 305 3788 Dukelipe
316 3711 395 3779 horn,
409 3707 531 3784 angulus
545 3706 585 3766 uli
606 3708 701 3766 'uoaus
715 3707 796 3786 prati.

175 3789 255 3847 Prov.
276 3788 328 3862 Hij
343 3788 392 3844 sas
409 3803 437 3843 so
454 3785 570 3843 menniols
601 3784 798 3863 uwoklipdaeas

174 3885 261 3923 oower
289 3863 393 3935 waddo,
423 3862 524 3921 multas
553 3862 619 3921 tulit
644 3882 798 3934 aerumnas,

175 3962 226 4019 per
246 3943 348 4000 multas
368 3938 419 3999 ivit
433 3939 618 4011 calamitates,
638 3940 734 3999 Burm.
749 3942 798 4012 66,

175 4017 273 4092 wdcly'e,
310 4018 351 4075 ira
405 4035 435 4074 er
468 4016 569 4075 vadum
595 4016 640 4076 rel
673 4035 797 4087 eoenum3

178 4095 278 4151 Throels
299 4093 322 4150 ’e
340 4112 381 4151 mo
466 4094 557 4168 ιοὰιίβε.

136 4170 315 4239 dunello,
337 4189 379 4245 og.
399 4168 433 4228 G.
453 4170 478 4228 J.
498 4170 637 4248 nequitia,
658 4170 773 4229 malitia.

232 4247 344 4317 Rjueebi
362 4246 422 4303 sint
440 4246 495 4303 Jon
514 4267 570 4304 usos
633 4251 658 4317 t,

232 4326 290 4382 Dat
307 4323 340 4381 de
359 4321 436 4381 erud
453 4322 517 4396 {r'nn’
537 4320 611 4381 dusoe
628 4324 653 4380 le
671 4323 736 4400 lepi,

869 3558 1081 3624 antenorem,
1126 3553 1367 3628 (doclemsttens)
1411 3571 1495 3629 poma

870 3632 978 3702 mollia,
1005 3630 1146 3699 subaeris,
1172 3630 1255 3707 plena
1281 3628 1403 3707 saporis,
1429 3635 1494 3687 oute

871 3708 965 3780 viridi,
979 3708 1066 3767 odore
1079 3707 1168 3779 dulei,
1182 3709 1254 3765 finnt
1268 3707 1409 3765 esculenta
1421 3725 1496 3765 men·

870 3785 949 3844 sibus
972 3784 1144 3863 Septembris
1168 3790 1196 3843 et
1216 3782 1355 3843 Oetobris.
1384 3781 1495 3842 Nobilis

870 3861 977 3923 Frisius
996 3865 1072 3922 Duos
1094 3862 1236 3932 Moriens,
1261 3859 1297 3920 de
1317 3860 1407 3939 patris
1426 3859 1496 3918 bene

871 3941 1001 4011 meritus,
1021 3940 1106 4000 hooee
1126 3957 1243 4017 pomum
1262 3939 1370 4016 primus
1389 3937 1418 3994 in
1436 3936 1496 3994 Fri·

871 4018 940 4076 siam
960 4017 1124 4077 introduxit.
1151 4016 1223 4076 Caro
1243 4014 1350 4083 mollis,
1370 4033 1425 4072 non
1446 4012 1495 4071 diu

871 4101 1150 4241 {intinniit
1165 4091 1497 4248 {intinniit

872 4254 906 4305 ut
931 4247 1074 4324 pinguedo
1094 4252 1144 4304 est.
1179 4245 1281 4303 Confer
1301 4243 1415 4321 Kuoop,
1442 4243 1496 4302 Be·

872 4324 1025 4458 sehriJsing
1045 4322 1095 4382 der
1115 4321 1224 4458 appele.
1243 4341 1270 4398 p.
1293 4323 1318 4379 6.

176 4399 309 4477 (mundus
323 4399 397 4476 jacet
415 4398 445 4457 iu
459 4398 585 4473 malitia)
615 4399 705 4459 unm
719 4398 799 4457 daue-
835 4399 998 4460 DUKKEN
1018 4400 1054 4470 n,
1076 4399 1137 4473 (dil
1157 4398 1230 4475 enje)
1250 4397 1294 4456 vo.
1318 4397 1410 4456 dicare
1434 4415 1498 4455 eaur-

174 4479 235 4554 μοὶ,
266 4495 380 4546 areana3
407 4477 514 4551 empse,
541 4494 641 4553 opsea,
669 4475 797 4536 obseura.

178 4556 262 4614 Graii.
288 4554 321 4612 V.
349 4551 418 4623 313,
447 4556 512 4628 Ags.
539 4552 641 4630 demet,
666 4559 798 4613 secretus.

178 4634 266 4692 Alam.
299 4630 406 4700 sustu,
439 4648 498 4687 mer
539 4649 568 4700 s;
593 4631 798 4705 sorticeloly'om

177 4711 310 4780 obruere,
331 4707 478 4768 oeonltsre.
525 4707 584 4768 taff.
597 4707 631 4768 V.
644 4709 716 4779 667,
730 4711 798 4780 368,

178 4790 249 4858 369,
270 4787 400 4865 inpetunt,
420 4783 580 4856 immersus,
600 4784 638 4846 ib.
658 4788 723 4845 368.

871 4496 931 4535 sam
952 4476 1158 4554 (proaliquo),
1182 4474 1318 4534 sustinere
1338 4474 1498 4609 (salignam),

872 4553 1014 4645 suscipere
1044 4557 1170 4627 (oausam
1196 4551 1334 4687 aliopp'ps.)
1369 4550 1500 4687 &dicipi

869 4650 944 4786 llil.
959 4630 1066 4786 'titt
1083 4647 1233 4767 ἕέἔἭ
1257 4647 1330 4764 ..53¹5
1348 4647 1500 4764 tlon

872 4786 993 4862 dikkenie
1004 4785 1076 4863 fodr
1093 4786 1156 4861 hjar
1168 4782 1345 4861 uudoapeasoe
1356 4802 1438 4851 soom
1451 4784 1496 4858 ja,
1523 4860 1529 4872 ι
