3256 5310
172 211 229 277 lbi

214 443 291 511 roth,
321 441 443 510 oeurctd,
473 441 554 513 litun
587 461 686 502 maran
714 444 838 502 eearotl:

213 523 355 576 contracte
377 519 475 586 carth
504 520 577 594 Aug.
598 518 663 578 dial.
692 522 792 589 toartis,
822 538 838 578 a

213 593 301 664 forth,
322 594 400 652 atlat
419 594 543 654 meadow
560 596 634 654 close
648 601 676 654 to
697 603 837 655 astream.

211 670 291 730 va.
313 671 411 742 weerd,
438 677 530 742 werrt,
550 677 629 742 soert,
649 673 777 742 coemeter,
798 673 839 730 in-

212 747 289 819 sula,
313 747 408 806 insule
433 749 557 817 amnica,
583 749 640 808 Kil.
659 769 756 826 agger,
776 767 839 826 pro·

212 825 414 958 pugnaculum.
443 824 491 883 Isl.
511 832 570 895 sor,
596 826 657 903 ripa
677 826 723 883 cui
742 824 838 904 appel·

223 907 307 959 antur
326 920 421 972 noros,
441 901 517 961 unde
541 920 642 961 nomen
661 903 761 961 insulae
775 901 838 961 vadi

212 976 243 1035 F.
252 975 278 1036 b.
296 981 358 1054 sdr,
388 977 451 1037 Ro.
475 978 564 1036 wodrd
588 979 705 1054 (weard)
730 979 838 1038 collect.

213 1053 274 1112 loca
294 1053 412 1113 editiora
430 1053 460 1112 in
479 1055 604 1132 quodam
623 1074 754 1132 agrorum
768 1061 838 1114 trae·

211 1135 256 1200 tn,
276 1130 337 1208 ripa
357 1131 444 1201 celsa,
464 1135 639 1209 exaggerate.
660 1132 762 1192 (lunser
777 1134 838 1190 Stii·

213 1207 335 1284 renberg
352 1207 466 1278 wcbrde,
481 1209 546 1266 834.
566 1208 646 1266 Cons.
659 1207 716 1266 Hd.
730 1212 839 1267 Donou-

213 1283 310 1354 werdt,
330 1283 379 1342 Nl.
398 1285 602 1343 Rooted-weard
620 1290 679 1343 caet.
703 1284 796 1362 Vulgo
809 1285 838 1344 hi

212 1360 300 1420 colles
325 1364 454 1419 constant
472 1381 506 1420 ex
526 1361 624 1438 argilla
643 1361 748 1432 solida,
773 1381 838 1439 quae

210 1436 838 1515 graminetsotaresistitundarumeggressuiz

212 1531 270 1572 non
291 1533 367 1573 mere
386 1519 453 1604 suut
471 1515 566 1589 ejecti,
587 1515 637 1574 sed
652 1534 736 1573 manu
749 1514 837 1606 bomi-

213 1592 838 1756 tlt,teileitrlll‘ttltttttlt

213 1742 315 1802 horum
342 1762 426 1802 maris
452 1744 608 1804 accolarum
633 1763 742 1803 summe
789 1764 838 1803 au·

213 1824 323 1896 portate
342 1824 371 1877 et
390 1819 510 1879 miseria.
530 1818 727 1896 (Glaerbergcn
776 1841 838 1879 een·

213 1893 381 1970 graverijen,
408 1916 435 1973 p.
456 1897 513 1971 10.)
543 1896 628 1973 Apud
649 1895 837 1956 Soundinasos

213 1971 292 2046 thorp
321 1970 432 2031 valebat
463 1972 578 2044 collem
612 1972 667 2032 -lsl.
697 1975 790 2050 thorp,
809 1994 836 2032 n.

213 2046 293 2107 locus
323 2046 439 2119 editior,
468 2049 560 2121 collis,
591 2050 734 2120 tumulus,
764 2056 838 2109 terra

212 2125 283 2184 mari
303 2143 448 2202 emergens
455 2149 464 2196 ;
490 2126 644 2217 oppidum
667 2126 838 2262 Anglosuxo-

213 2201 276 2261 nice
295 2203 374 2278 thorp
393 2208 504 2262 tantum
523 2223 552 2263 in
576 2205 691 2263 notione
735 2203 838 2262 erivata

213 2278 311 2432 taff
336 2279 486 2434 ἕῗῖῗῆιῖἷ
512 2279 603 2418 Egiir
615 2283 729 2433 {312⁵-
744 2280 837 2417 edd

215 2430 338 2503 Ontzen,
365 2434 431 2492 362.
497 2403 537 2511 g's
557 2435 635 2511 throp
659 2439 723 2511 (pro
745 2435 838 2510 thorp)

214 2506 308 2580 vicum
333 2508 444 2568 riarum
469 2530 642 2584 concursus,
669 2510 836 2588 compitum,

212 2585 341 2658 trivium,
362 2584 393 2645 ll,
412 2585 439 2645 ’u
452 2588 531 2666 throp
549 2590 645 2660 hom,
666 2586 775 2688 aliquot
787 2586 837 2645 (lo-

213 2679 277 2720 mus
298 2660 398 2721 vicinae
417 2663 447 2721 in
460 2664 523 2725 loco
537 2664 697 2744 campestri3
725 2685 743 2722 n
760 2665 838 2740 throp

213 2737 289 2809 dm,
319 2738 403 2798 turba
434 2758 600 2818 puerorum
630 2742 678 2801 Isl.
701 2740 789 2817 thorp.
811 2761 837 2800 n.

212 2820 269 2874 tres
289 2814 432 2887 homines,
452 2816 525 2893 Egil.
547 2820 610 2878 915.
639 2817 710 2877 Inde
729 2818 758 2877 in
773 2819 838 2877 Sax-

214 2891 278 2950 onis
304 2891 435 2951 inferiore
459 2897 500 2952 tot
527 2895 639 2953 nomina
662 2895 787 2954 vicorum
807 2895 837 2954 in

212 2973 288 3043 -mp
320 2974 349 3026 et
380 2968 459 3045 -drop
489 2969 659 3041 desinentia,
698 2990 750 3048 pro
779 2990 837 3049 quo

212 3043 297 3102 Frisii
323 3043 493 3123 plerumque
518 3047 623 3106 habent
646 3066 697 3105 em
727 3055 756 3106 et
782 3068 838 3105 -um

93 3117 95 3122 ⁸
214 3138 249 3178 ex
280 3121 355 3190 tam,
387 3121 475 3181 Bend.
511 3125 574 3182 104.
619 3124 696 3183 Inter
728 3124 837 3200 Anglos

213 3195 282 3256 olim
302 3196 437 3256 florebant
456 3200 550 3275 thorpe
567 3203 595 3258 et
609 3199 690 3276 dorp,
710 3219 762 3280 pro
777 3201 838 3278 qui·

214 3273 267 3332 bus
294 3291 371 3333 nunc
396 3280 528 3336 extranea
554 3295 608 3336 vox
632 3278 728 3355 village
747 3297 777 3336 se
797 3278 838 3335 iu·

213 3348 310 3411 trudit
344 3350 422 3411 Nota
449 3352 532 3412 Gotlu
559 3353 670 3431 thcurp,
698 3353 774 3432 quod
795 3360 837 3413 est

213 3448 248 3488 ex
272 3429 368 3504 thorp,
395 3427 505 3501 villam,
532 3448 630 3508 ugrum
653 3451 735 3490 senen
756 3431 836 3490 tundi

212 3505 257 3565 vel
276 3504 391 3583 predii,
411 3505 469 3565 desi
511 3526 565 3567 ere.

251 3584 342 3659 Leges
367 3583 432 3645 Itu.
458 3525 639 3661 ‹ddtinguunt
663 3584 737 3644 inter
751 3584 836 3660 field,

213 3678 345 3739 campum
371 3665 508 3736 agrestem
535 3661 664 3739 planum,
692 3666 720 3720 et
742 3663 834 3738 thorp,

214 3739 304 3812 therp,
329 3735 437 3795 collem.
470 3738 521 3797 Ex.
548 3739 656 3814 gullo
681 3739 765 3796 nabla
789 3757 836 3798 oen

213 3811 249 3870 da
273 3811 420 3871 meeubodel
442 3813 527 3873 hellen
545 3833 593 3873 ner
614 3814 765 3885 hinderetlr,
789 3833 835 3875 oen

211 3889 251 3949 M
276 3908 325 3950 ner
352 3907 400 3948 oea
429 3908 522 3963 coere,
553 3910 601 3949 oea
619 3891 692 3968 field
715 3910 763 3950 ner
788 3910 835 3952 oea

214 3967 301 4043 thorp.
336 3963 462 4025 Observa
486 3967 652 4037 antithesim
679 3966 708 4026 in
729 3968 835 4048 campis

212 4043 305 4124 planis
330 4041 486 4102 humilibus
507 4043 678 4104 soenisecium
698 4044 769 4118 (hd)
789 4066 835 4105 ex·

213 4118 355 4192 emebant,
380 4119 409 4179 in
434 4119 553 4181 collibus
575 4121 713 4182 frumenta
730 4129 834 4196 acon)

213 4197 355 4258 colebant:
388 4197 430 4257 Ds'
446 4200 538 4274 froco
556 4200 621 4276 aegla
647 4198 676 4257 di
701 4201 835 4277 onwdls'pa

211 4276 269 4335 dcet
286 4280 314 4335 to
332 4275 420 4336 nime
441 4293 490 4334 oea
513 4277 590 4352 thorp
609 4276 674 4335 ende
692 4296 740 4336 oen
750 4278 835 4367 ptelde

211 4371 277 4412 arra
294 4359 323 4413 et
336 4357 423 4430 prete
444 4351 547 4412 Confer
559 4352 620 4412 loca
633 4354 709 4432 apud
723 4353 834 4412 Richth.

211 4429 279 4489 Lex.
301 4430 375 4491 1076
395 4449 430 4501 a,
458 4448 578 4509 eumque
605 4430 712 4508 corrige
732 4430 834 4507 injuris

212 4525 242 4564 re
264 4506 464 4566 rehendeutcm
497 4507 711 4587 explicationem
741 4527 833 4567 veram

247 4602 356 4642 iersmoe
377 4589 405 4641 et
424 4583 603 4655 Brandsmae,
634 4584 774 4644 editorum
799 4583 833 4643 0.

213 4658 247 4720 F.
265 4658 310 4721 W.
330 4678 395 4739 pag.
415 4664 460 4720 99,
486 4664 558 4721 Ante
579 4667 767 4740 comportatos
786 4680 834 4752 sg-

215 4754 294 4812 geres
320 4736 443 4796 marinos
469 4737 529 4798 loca
555 4737 640 4816 plana
666 4744 693 4797 et
715 4737 834 4798 bumihs

902 3353 1010 3430 flekkeu
1031 3351 1131 3423 dictos,
1154 3353 1198 3412 vel
1208 3374 1259 3432 yn,
1280 3355 1325 3413 vel

1479 214 1536 276 788

1150 364 1262 424 DURP.

913 441 1001 499 tluxni
1032 440 1116 499 maris
1149 446 1229 500 erant
1248 440 1385 513 obnoxiu,
1416 442 1537 520 ideoque

911 517 1052 653 pascendo
1072 517 1167 606 pecori
1181 523 1289 577 tantum
1309 524 1390 597 epta3
1410 519 1440 578 in
1460 520 1537 578 colli·

931 613 964 652 us
984 600 1013 653 et
1033 593 1100 652 locns
1121 592 1285 654 editioribus
1303 595 1396 673 fruges
1410 595 1537 655 coleban-

912 678 971 741 tur,
1003 670 1080 730 unde
1099 669 1173 805 pald
1201 672 1344 731 notionem
1373 679 1535 751 pratorum,

912 749 973 806 thor
1017 747 1061 806 vel
1087 751 1163 824 terp
1189 766 1205 805 e
1229 752 1326 807 contra
1345 768 1475 808 arvorum
1496 770 1537 808 re·

912 767 1028 883 tinebat.
1070 823 1173 882 Adbuc
1204 825 1234 884 in
1268 825 1388 884 collibus
1420 827 1536 905 optimae

912 900 1043 960 coluntur
1069 900 1178 977 fruges,
1205 921 1290 980 quare
1311 903 1454 981 praecipue
1478 922 1536 961 aru·

912 977 983 1036 tioni
1002 977 1164 1037 inserviunt.

950 1052 1112 1131 Aliquando
1129 1054 1209 1131 thorp
1230 1055 1321 1117 vicum
1335 1060 1423 1127 notat,
1442 1061 1471 1116 et
1484 1074 1535 1133 op·

932 1130 1027 1190 onitur
1043 1129 1112 1189 locis
1125 1131 1330 1209 campestribus
1343 1138 1421 1192 entra
1435 1132 1535 1190 sicum.

912 1149 1005 1266 &hart
1018 1207 1098 1266 luas
1106 1250 1115 1279 ,
1135 1227 1166 1277 a,
1181 1207 1268 1278 infra,
1287 1210 1317 1268 sd
1324 1209 1368 1267 tit
1379 1227 1414 1270 os
1426 1210 1534 1285 thergo,

911 1283 941 1343 st
964 1283 1007 1342 tit
1035 1302 1070 1342 un
1091 1283 1194 1362 fidldo,
1228 1289 1293 1360 Ags.
1315 1284 1425 1359 sedne,
1454 1293 1537 1346 terra.

912 1362 955 1419 An
978 1405 984 1418 .
995 1358 1082 1436 field,
1108 1359 1156 1418 the
1176 1379 1250 1438 open
1270 1367 1389 1452 country
1409 1380 1447 1441 op
1468 1360 1537 1420 osed

912 1441 941 1494 to
958 1380 1050 1495 bonne
1076 1455 1109 1494 or
1135 1443 1273 1515 quartem.
1303 1437 1388 1497 Frisii
1408 1382 1537 1526 hodierni

912 1513 970 1572 lere
999 1512 1098 1572 eadem
1128 1513 1250 1573 notionis
1280 1514 1413 1574 varietate
1439 1513 1538 1572 distin·

911 1588 1114 1742 etltltt
1127 1589 1196 1724 tt
1204 1588 1537 1744 d‘ssdtsrbmlldl

912 1747 955 1801 est
973 1742 1002 1801 iu
1022 1709 1090 1811 iioo,
1111 1746 1191 1819 peter
1210 1742 1240 1800 in
1260 1743 1334 1803 arsis
1354 1712 1515 1833 volptatis.

951 1818 1062 1878 Partem
1082 1818 1245 1878 interiorem
1265 1817 1319 1879 rici
1338 1818 1422 1880 Frisii
1440 1818 1537 1898 appel·

912 1895 971 1953 lant
990 1895 1020 1953 dr·
1039 1894 1134 1953 ds'e'rren
1155 1895 1199 1954 vel
1218 1895 1349 1966 dederem-
1375 1897 1499 1956 canalem
1520 1915 1536 1954 c

911 1972 1123 2031 circumfluente
1150 1971 1212 2031 lacn
1238 1973 1269 2032 in
1295 1971 1422 2033 medinm
1442 1973 1535 2032 vicum

911 2055 1052 2108 meantem
1077 2048 1108 2106 di
1130 2049 1221 2108 leuen
1241 2051 1378 2127 (portus);
1404 2049 1482 2110 lacus
1501 2050 1537 2107 si·

912 2143 986 2261 tlt
1001 2124 1536 2282 tttttiffttttdttptttt

911 2278 1022 2348 bearem
1054 2279 1159 2356 borperr
1191 2277 1241 2338 tad
1270 2280 1371 2340 boetem
1413 2279 1535 2340 Urbium

912 2355 986 2415 cives
1005 2355 1097 2413 αἰαὶ-ἰ·
1112 2355 1135 2428 ’,
1154 2357 1291 2431 rtettsjerr.

950 2431 1048 2502 Frisii,
1078 2376 1145 2491 iicet
1174 2433 1266 2492 vicum
1295 2433 1324 2491 in
1345 2452 1448 2510 genere
1466 2431 1535 2509 dorp

911 2508 1237 2663 tttlttttttttt
1253 2511 1537 2661 'ffledk’olll

911 2660 979 2738 ἄψ,
998 2662 1148 2733 Dracltea,
1168 2662 1203 2722 de
1217 2631 1320 2742 qdibns
1334 2661 1390 2723 duo
1403 2663 1534 2733 obierum

914 2740 944 2796 1⁰
965 2738 1138 2816 praeponitur
1150 2739 1285 2799 articulus
1298 2739 1472 2817 respondens
1485 2758 1536 2799 uu·

910 2833 988 2874 mero
1008 2821 1036 2874 et
1056 2816 1152 2892 generi
1170 2816 1291 2875 nominis
1310 2816 1486 2895 appellativi;
1507 2817 1536 2875 It

911 2892 1127 2966 Hedrrerr-secn,
1157 2893 1188 2951 ds·
1213 2894 1355 2968 Iiy'ouwer,
1382 2892 1412 2952 di
1439 2893 1537 2953 Gerre·

911 2968 979 3047 dpk,
1016 2968 1046 3027 di
1078 2969 1234 3040 Dracltem
1270 2969 1338 3029 dum
1371 2974 1534 3030 cutenorum

911 3044 1025 3103 nomina
1056 3051 1132 3104 stunt
1163 3046 1238 3117 sola,
1275 3048 1364 3118 Grou,
1397 3048 1535 3117 Alterum,

910 3122 1015 3192 Boura,
1036 3127 1098 3180 caet.
1128 3124 1159 3179 2⁰
1180 3122 1345 3201 Praepositio
1366 3123 1420 3182 loci
1440 3123 1471 3183 in
1491 3144 1536 3200 ge-

911 3217 978 3257 nere
997 3204 1062 3257 aute
1082 3197 1158 3257 uicos
1176 3199 1303 3277 (dorper)
1323 3205 1368 3271 to,
1395 3205 1422 3259 to
1446 3201 1535 3271 Groa,

911 3279 939 3333 to
967 3277 1037 3352 Rys,
1070 3280 1096 3334 to
1125 3277 1246 3355 Bagam,
1279 3276 1328 3336 sed
1363 3283 1427 3337 aute
1459 3277 1536 3337 vicos

910 3433 955 3488 net
972 3449 1007 3505 op
1026 3429 1049 3488 it
1069 3429 1271 3506 Hedrrerpslon,
1291 3449 1326 3507 op
1339 3355 1537 3506 ‹db’lg'dum

910 3526 944 3582 op
968 3507 998 3564 di
1027 3507 1180 3585 Gorrcdpl,
1204 3529 1240 3584 pn
1260 3508 1290 3566 di
1309 3508 1473 3578 Hommerts,
1498 3527 1535 3584 pa

910 3583 940 3641 ds·
959 3585 1111 3655 Droclm,
1132 3587 1304 3662 quasisean,
1324 3603 1438 3662 campus
1453 3591 1535 3643 terra

910 3659 1050 3750 causticae,
1072 3665 1100 3719 et
1113 3661 1178 3738 dylc,
1198 3679 1292 3739 agger,
1315 3668 1408 3721 essent
1421 3660 1535 3720 nomina

909 3735 1172 3902 appplitptpevpiomus
1192 3820 1363 3888 exstructor,
1384 3833 1448 3873 cum
1462 3818 1537 3873 esset

908 3889 1116 4025 ttt¹¹t0tllt
1135 3891 1249 4046 {litt
1270 3889 1535 4027 ttttttrlttl:

908 4042 1076 4112 tecedentia,
1109 4044 1206 4120 quales
1236 4049 1303 4102 sunt
1332 4046 1418 4122 Euge,
1447 4044 1535 4115 Jouw,

907 4121 1026 4189 Domme,
1041 4120 1145 4195 Pople,
1160 4122 1278 4189 Metske;
1292 4122 1446 4199 AEespooier,
1459 4122 1536 4180 dour·

907 4198 979 4266 uier,
1000 4197 1153 4270 Dum-scier,
1165 4198 1339 4273 Popkeroier,
1353 4199 1535 4268 Meuia-roim,

908 4272 1017 4350 (Angli,
1044 4275 1151 4346 Jouwi,
1175 4275 1274 4346 Domi,
1300 4275 1418 4353 Poppii,
1439 4274 1534 4333 Mntsii

907 4350 1010 4425 collis),
1032 4350 1077 4410 vel
1096 4352 1221 4430 pleniore
1241 4353 1330 4412 forma
1349 4352 1428 4422 wert,
1453 4352 1534 4410 Licu-

907 4433 987 4498 wert,
1007 4429 1179 4501 Bouto-unt,
1199 4430 1371 4506 Kyrros-wert,
1392 4429 1534 4496 Fer-cert,

907 4504 936 4563 in
971 4503 1053 4564 uibus
1068 4507 1158 4564 Ls'uroe
1171 4507 1215 4564 vel
1229 4507 1350 4577 Moesos,
1366 4504 1411 4563 vel
1424 4504 1535 4570 larue,-

907 4582 950 4640 Bo
980 4601 1006 4654 e,
1033 4584 1132 4655 Beate,
1159 4584 1243 4652 Bole;
1268 4584 1382 4660 Kympe
1407 4581 1535 4657 Kyrene·

908 4659 974 4730 Fer,
993 4667 1062 4720 sunt
1081 4661 1193 4721 nomina
1213 4663 1336 4740 propria.
1361 4656 1441 4718 Idem
1462 4656 1536 4716 valet

906 4735 935 4795 in
963 4737 1075 4797 nomine
1101 4739 1224 4799 vicorum
1253 4737 1284 4797 in
1308 4756 1347 4796 ern
1373 4734 1418 4795 vel
1436 4753 1480 4794 um
1500 4754 1535 4794 ex
