3256 5310
108 251 163 315 til

148 497 350 573 coitiiipslone,
388 502 415 555 to
447 498 503 556 coit
532 517 550 555 a
584 501 672 566 imae,
705 496 780 555 Hall.

150 575 270 657 Kopiclt,
297 573 386 663 forma
413 573 617 664 conglobatim,
641 574 705 632 ’iile
744 574 780 632 cl

148 670 218 725 scip,
254 669 394 727 navigium
423 669 506 710 nimis
533 650 616 710 breve
643 669 693 727 pro
731 657 781 709 nti·

152 727 250 785 tudine
283 727 447 786 rotundiora
473 728 501 786 iii
529 727 629 786 medio.
662 727 780 805 Koyiei,

153 803 231 881 quasi
265 822 331 938 orod
351 804 394 894 vel
423 804 481 896 pila
511 804 659 895 incedens,
694 803 779 895 podes

150 881 249 1032 iili
269 880 781 1046 tt23l¹‘.t‘,.stt.·‘ttt⁰ttt

153 1035 209 1092 talo
236 1034 404 1113 vacillatque
430 1054 537 1111 gressu.
567 1034 653 1112 Apud
675 1034 780 1094 Frisios

152 1110 336 1187 celeripedes,
365 1112 416 1189 qui
443 1131 534 1190 usque
560 1118 655 1173 amant
675 1118 780 1170 certare

1416 253 1477 319 8l8

856 484 941 544 tribus
961 483 1067 545 Fricise
1086 484 1190 544 dicitur
1203 485 1255 561 pip
1269 484 1364 563 (piip),
1383 485 1414 544 iu
1434 505 1482 564 pa·

855 560 969 620 ludibus
995 561 1198 621 Lincolnshirm
1217 562 1302 638 prpe,-
1328 581 1482 639 synonyma

853 637 885 696 F.
905 638 999 696 litellre
1018 645 1048 698 et
1065 637 1181 709 iuddde,
1208 639 1315 699 locdde.
1333 671 1372 683 -
1392 638 1482 697 Vena·

855 720 900 774 tor
926 714 954 774 in
975 714 1029 774 hoc
1048 719 1111 774 lacu
1132 715 1183 774 alit
1202 722 1298 776 anates
1319 715 1426 774 maures
1443 716 1481 774 ic·

854 791 957 861 minas,
983 791 1015 850 F.
1034 791 1177 862 lbi-cim,
1207 792 1379 866 loli-eistp‘ci,
1408 792 1481 869 ing.

854 867 1039 946 deam-ducti,
1063 888 1126 947 quae
1154 869 1277 928 suaviter
1295 874 1422 928 uitantes
1440 888 1482 928 se·

854 944 964 1004 ducunt
988 952 1085 1005 anates
1106 945 1194 1017 ieras,
1219 953 1253 1005 nt
1272 965 1318 1007 eas
1337 947 1367 1005 in
1387 946 1480 1006 sinum

853 1022 999 1082 mortalem
1031 1028 1196 1102 sequantur,
1231 1023 1385 1082 secundnm
1417 1042 1482 1101 pro·

854 1099 981 1159 verbium
1014 1099 1166 1170 Frisicum,
1198 1102 1271 1159 Hinc
1302 1100 1354 1157 mei
1382 1101 1482 1159 laomen

152 1207 249 1256 cursu,
268 1187 320 1245 hoc
335 1188 485 1248 maximum
501 1189 599 1248 lormoe
614 1189 714 1247 vitium
728 1194 779 1248 est.
845 1180 932 1252 ΜΘ
956 1177 1020 1247 ‘0⁰²2
1047 1182 1103 1236 Μ
1121 1177 1151 1235 di
1171 1181 1249 1236 ΕΜ
1260 1177 1365 1254 f⁰4⁷⁰l²
1383 1177 1482 1251 litim,

190 1279 294 1338 Thema
327 1280 448 1339 vicinum
482 1287 524 1340 est
555 1301 602 1415 οῗ
635 1280 677 1340 vel
770 1327 778 1351 ,

153 1358 289 1414 transiens
309 1356 339 1414 iri
359 1356 421 1425 Ιιοὶ,Ι
449 1376 490 1416 er.
510 1377 551 1434 gr.
596 1358 711 1434 .lrripil,
732 1357 779 1415 Nl.

153 1434 240 1510 liopel,
281 1432 375 1503 lobiis,
395 1433 521 1512 sphaera,
542 1434 622 1493 va.
639 1436 716 1510 iope,
736 1453 780 1493 ca·

154 1510 238 1587 pulus
251 1529 269 1586 g
318 1509 338 1568 ii
352 1511 377 1585 (s
399 1509 530 1587 hairicus)
543 1511 599 1570 Kil.
618 1513 690 1588 Aug.
702 1509 780 1569 liinc.

154 1530 506 1741 retinniunt
742 1589 781 1722 t·

157 1741 262 1818 kupael,
288 1727 434 1817 globulus,
453 1742 601 1819 lapskote,
621 1740 696 1832 talus
718 1759 782 1832 pro·

155 1818 664 1983 §tiittt'f0tlaltt0ndt
678 1838 783 1954 titt

157 1992 173 2029 a
187 1970 260 2028 nodo
273 1969 378 2029 dicitur
390 1973 468 2048 lays,
484 1972 578 2031 Sana.
591 1973 656 2030 briss
668 1972 784 2047 (boene.)

156 2048 218 2105 nv.
246 2049 318 2117 kuic,
350 2049 443 2118 kuic,
469 2048 488 2106 f.
520 2049 672 2126 condylus,
701 2048 784 2108 talus.

158 2128 261 2200 Augu.
282 2124 371 2201 punit,
391 2125 460 2195 ccii,
480 2127 553 2202 Aug.
572 2125 654 2204 quoii.
684 2127 782 2203 liupr.

155 2207 215 2271 cat,
248 2219 364 2277 agonia
384 2201 484 2279 played
505 2221 609 2280 among
628 2202 697 2280 boys
717 2204 783 2263 with

156 2278 247 2369 sticks·
270 2277 325 2336 aad
345 2297 361 2336 a
380 2279 464 2368 small
482 2280 562 2356 piace
582 2281 614 2339 of
631 2279 723 2351 wood,
750 2281 785 2340 ri·

156 2354 783 2506 iiigumstiiigkmsiiidleiihssi)sitieioliriffiiiii.

156 2510 231 2587 Ergo
257 2509 347 2567 forma
373 2509 449 2587 longi
475 2511 534 2569 lere
560 2510 605 2569 ori
625 2517 660 2570 ut
678 2510 711 2570 F.
730 2513 783 2572 troi.

156 2586 186 2644 F.
194 2604 221 2644 o.
240 2587 398 2657 lucislucis,
417 2585 517 2646 similis
536 2606 690 2666 puerorum
704 2589 783 2649 lusus

156 2662 264 2721 baculis
278 2663 412 2734 recurvis,
433 2663 506 2724 stur.
522 2666 586 2724 120.
615 2664 663 2726 Nl.
683 2668 785 2737 „Katt-

155 2758 211 2810 seii,
230 2741 329 2810 leuen,
350 2740 447 2799 ludere
461 2739 518 2818 pila
532 2741 677 2819 palmaria;
698 2745 783 2802 kaets·

155 2817 212 2885 iat,
233 2816 291 2894 pila
310 2816 431 2888 lusoris,
456 2819 615 2890 minuaris,
636 2820 783 2881 recussati·

157 2893 216 2952 lis.'’
243 2893 300 2952 Kil.
328 2893 363 2952 ln
389 2893 465 2953 ludis
492 2895 616 2966 oleariis,
643 2903 704 2955 tum
728 2897 784 2957 Ilo·

157 2970 247 3041 mani,
274 2976 335 3028 tum
356 2971 503 3043 Germani,
526 2973 561 3031 ab
580 2973 784 3051 antiquissimis

157 3046 333 3126 temporibus
365 3048 540 3128 usurpabant
573 3051 662 3121 talos;
703 3051 783 3129 pueri

157 3125 249 3184 adbuc
275 3125 339 3185 talis
365 3126 478 3185 ludunt.
509 3126 581 3187 Inde
606 3129 662 3187 tale
682 3147 783 3187 nomen

157 3203 230 3271 kata,
250 3204 320 3271 too,
341 3203 419 3273 coita,
441 3222 493 3280 pro
506 3203 583 3262 omni
597 3205 706 3276 missili,
728 3224 784 3284 quo

158 3278 275 3337 luditur.
318 3279 422 3338 Confer
452 3286 573 3339 veterem
603 3281 783 3358 glossatorem

158 3374 310 3428 vertentem
338 3357 439 3428 seim.
467 3359 603 3440 σφαὶρασ
627 3361 643 3435 ἦ
666 3361 783 3433 libone.

121 3460 326 3532 eine-kooi,
352 3479 394 3538 cg.
420 3462 492 3539 Aug.
512 3461 605 3539 decipi
616 3465 669 3538 sor
687 3463 782 3535 ducis,

158 3543 200 3595 est
232 3537 309 3596 lacus
339 3557 443 3615 parius
473 3538 530 3596 lere
562 3540 717 3611 rotundus,
749 3541 783 3601 F.

157 3614 233 3684 deal,
253 3615 328 3684 doci,
348 3614 473 3693 undique
486 3615 594 3674 cinctus
608 3618 669 3695 ripa
682 3617 784 3695 grami-

158 3711 240 3761 nosa,
263 3692 292 3750 in
313 3710 368 3769 qua
388 3691 525 3751 recubent
544 3711 609 3750 ares
629 3694 782 3771 aquatiles:

158 3768 262 3827 Frisice
283 3767 385 3827 dicitur
403 3769 531 3846 rud-sotii,
553 3769 613 3847 ripa
630 3790 713 3860 quam
730 3772 783 3830 irc·

158 3850 391 3923 quamanimae,
410 3845 454 3905 vel
466 3846 580 3916 sit-sod,
600 3847 649 3905 ubi
668 3848 783 3920 sedens,

159 3922 347 4000 requiescunt.
372 3922 451 3994 Fide,
473 3922 535 3980 vehi
549 3923 701 3995 curriculo,
721 3944 783 3985 cur·

159 4019 219 4058 rere
240 3999 336 4076 grallis
359 3998 537 4072 glacialibus,
563 4000 668 4073 ititnre,
695 4003 737 4061 ire
757 4006 784 4060 et

159 4075 259 4135 redire.
288 4077 370 4146 Sitia,
396 4075 508 4148 sedere,
534 4076 676 4138 incubare.
711 4079 784 4158 Ripa

159 4152 260 4211 iterum
287 4153 378 4212 cincta
404 4159 447 4212 est
471 4153 565 4212 densis
587 4155 721 4226 arbustis,
751 4162 784 4214 ut

161 4230 295 4288 ulteriora
325 4249 340 4288 e
370 4230 432 4288 risu
461 4237 575 4290 anatum
604 4233 725 4291 serarum
754 4233 783 4291 iii

159 4306 220 4364 lacu
250 4306 404 4365 natantium
434 4307 479 4364 nel
509 4308 714 4398 quiescentium
743 4328 785 4368 re·

161 4388 333 4442 moveantur.
362 4383 396 4442 ln
424 4384 474 4443 linc
500 4386 723 4445 circumferentia
742 4390 785 4445 est

160 4460 508 4596 innutritur
521 4462 785 4599 {tlitltittt'}

160 4615 332 4692 pedetentim
360 4583 395 4673 in’
409 4557 563 4691 qiiiigustias
593 4560 710 4687 domnii,
735 4616 785 4676 ubi

159 4703 255 4752 anates
275 4692 341 4752 serie
360 4691 526 4770 capiuntur,
553 4711 706 4772 earumque
725 4694 785 4753 inu·

160 4786 205 4828 cas
229 4788 318 4830 manu
341 4767 480 4830 senatoris
498 4769 673 4847 Franguntur.
709 4769 786 4832 'l'iilis

855 1253 1000 1330 (quicum
1020 1252 1135 1313 canibus
1155 1254 1278 1313 maribus
1298 1273 1349 1331 per
1372 1252 1481 1312 canales

855 1329 914 1388 vult
940 1329 1087 1406 navigare,
1113 1349 1196 1389 canes
1223 1330 1340 1389 seminas
1360 1340 1393 1388 ut
1411 1350 1482 1409 prae·

855 1405 947 1464 mittat
977 1424 1090 1466 necoese
1120 1410 1183 1483 est)
1222 1407 1311 1466 Hicce
1336 1407 1414 1466 sinus
1440 1425 1482 1465 ar·

854 1484 936 1541 busto
968 1483 1104 1542 ulteriore
1137 1489 1166 1542 et
1198 1482 1228 1541 in
1257 1484 1320 1562 ripa
1348 1483 1482 1543 interiore

855 1559 961 1618 obsitus
988 1564 1031 1619 est
1055 1559 1218 1620 arundineis
1238 1561 1326 1638 septis
1345 1566 1482 1620 transver-

855 1637 908 1707 sis,
938 1655 1003 1715 quoe
1033 1635 1109 1696 canis
1138 1638 1304 1697 transcurrit
1321 1637 1358 1697 ab
1377 1637 1482 1705 orificio

856 1713 994 1791 iucipiens
1028 1720 1056 1772 et
1088 1712 1189 1773 liniens
1221 1713 1250 1773 iii
1284 1713 1374 1775 fundo
1403 1713 1482 1792 apud

856 1789 1007 1868 angustias.
1036 1790 1114 1850 Dum
1142 1791 1220 1850 conis
1239 1791 1398 1852 alternatim
1416 1795 1483 1926 post

855 1873 935 1946 septa
961 1867 1102 1927 erinacii
1121 1872 1150 1928 et
1169 1868 1276 1946 prodit,
1301 1874 1397 1927 anates
1427 1886 1482 1926 erae

856 1942 1018 2004 curiositate
1037 1944 1132 2004 innita
1148 1944 1272 2006 seductae
1285 1964 1349 2004 eum
1362 1963 1483 2023 sequun-

857 2028 900 2081 ter
919 2020 1061 2098 angustias
1081 2041 1193 2092 versus,
1233 2021 1291 2081 uod
1308 2028 1351 2080 est
1363 2022 1483 2080 alterum

856 2096 996 2157 senatoris
1015 2103 1073 2156 stra
1122 2117 1192 2158 ama.
1245 2098 1290 2157 ale
1309 2103 1422 2176 septum
1435 2116 1482 2155 au·

857 2175 900 2234 dit
919 2173 1025 2233 Frisioe
1078 2181 1089 2194 “
1113 2219 1121 2244 ,
1141 2175 1180 2253 pl
1198 2173 1326 2245 soiddei,
1346 2192 1482 2251 cumque

857 2256 992 2311 consonat
1019 2250 1151 2329 uicatim
1179 2251 1209 2310 in
1239 2250 1389 2330 paludibus
1415 2250 1482 2310 Liri·

858 2326 1019 2398 colnshiroe,
1043 2327 1074 2388 F.
1093 2329 1233 2405 mutliaps,
1260 2327 1428 2418 sepimenta,
1448 2345 1481 2386 ex

857 2404 964 2484 plancis
993 2404 1093 2482 ligneis
1122 2405 1168 2464 vel
1196 2403 1383 2465 arundinibus
1410 2422 1483 2464 com-

858 2487 955 2561 pacta,
983 2481 1089 2541 circum
1119 2483 1230 2554 hortos,
1260 2487 1321 2541 ant
1358 2481 1483 2541 simulac

858 2576 993 2619 numerus
1031 2558 1173 2619 sufficiens
1208 2563 1325 2620 anatum
1360 2558 1482 2617 lercium

856 2636 1006 2715 paululum
1030 2635 1058 2695 in
1078 2637 1179 2695 tubum
1199 2634 1348 2715 profecerit
1367 2640 1483 2694 venator

857 2734 874 2772 a
894 2720 972 2790 tergo
992 2719 1136 2792 septorum
1157 2713 1305 2791 prosiliens
1320 2731 1367 2771 eas
1381 2731 1482 2789 magno

857 2791 978 2849 clamore
1004 2798 1033 2850 et
1058 2791 1161 2867 plausu
1187 2789 1306 2850 ulterius
1330 2788 1483 2849 intubum

857 2867 915 2943 egit
940 2871 968 2956 at
994 2866 1033 2925 ita
1057 2866 1181 2956 reditum
1206 2864 1364 2956 impedieris
1387 2885 1434 2926 eas
1453 2865 1483 2955 iri

856 2942 1234 3081 resilierint
1254 2942 1483 3110 innitar

857 3097 979 3174 gacitas;
1013 3117 1028 3156 e
1057 3097 1212 3175 longinquo
1241 3102 1368 3157 sentiunt
1395 3096 1483 3157 homi·

857 3193 925 3233 num
958 3175 1067 3234 odores
1098 3179 1261 3245 Autumno,
1293 3193 1357 3233 cum
1387 3181 1482 3233 cente-

857 3270 913 3320 nse,
931 3252 999 3330 quin
1013 3257 1041 3310 et
1054 3250 1175 3311 millenae
1188 3250 1319 3330 procellis
1331 3271 1366 3310 ex
1378 3269 1482 3311 oceano

857 3328 962 3407 pulsae,
999 3328 1075 3387 lacus
1111 3328 1289 3419 superliciem
1322 3327 1478 3418 complent,

856 3424 935 3540 titt
961 3405 1008 3539 tt
1022 3403 1484 3570 ”liiiiii'iiiiplimiiiniil

857 3564 895 3616 tae
924 3556 961 3616 ad
989 3576 1073 3617 uriam
1103 3576 1201 3617 omnes
1230 3564 1373 3616 momento
1400 3560 1482 3615 aitrus

857 3633 996 3694 desolent.
1038 3633 1162 3694 Venator
1197 3633 1251 3693 hoo
1287 3639 1414 3711 tempore
1446 3631 1481 3691 ad

856 3730 888 3769 ca
910 3716 1000 3770 turam
1033 3710 1164 3801 prodiens
1196 3710 1283 3770 altera
1310 3729 1397 3769 mauu
1425 3709 1482 3768 oris

857 3789 874 3846 li
903 3788 972 3847 itum
987 3793 1071 3864 tegit,
1090 3788 1177 3848 altera
1191 3792 1267 3847 tenet
1278 3786 1389 3864 glebam
1403 3806 1482 3845 caus·

856 3864 941 3924 ticam
960 3865 1114 3925 limantem
1133 3883 1251 3943 eamque
1273 3863 1481 3942 salsiginosam,

856 3946 890 4002 ut
915 3942 1001 4002 odore
1025 3941 1101 4002 fado
1127 3960 1210 4002 saum
1235 3940 1318 4000 velat.
1348 3941 1402 3999 cre
1414 3942 1484 4016 first

858 4018 932 4108 tiisp
961 4020 1003 4076 tlte
1031 4038 1152 4095 cop-man
1179 4018 1254 4088 does,
1283 4018 1356 4076 cies
1385 4038 1402 4074 c
1455 4036 1483 4075 o·

856 4096 1095 4172 wullena
1114 4093 1370 4171 (rdpupso
1466 4113 1484 4151 ⁰

851 4171 1237 4308 tilttslt'liliffsd'
1253 4175 1332 4308 itii
1349 4169 1486 4306 citt

850 4329 930 4401 from
961 4325 1080 4402 anadiiip
1118 4326 1181 4384 iim.
1236 4323 1483 4415 ancy-Magarine,

858 4401 925 4462 Feb.
948 4403 979 4472 i.
1002 4405 1083 4461 isan.
1104 4421 1133 4493 p.
1153 4405 1198 4461 ol.
1227 4400 1339 4462 Pisidia
1360 4409 1388 4461 et
1406 4402 1485 4478 iuga·

859 4497 905 4538 ces
935 4479 1010 4537 euim
1039 4477 1181 4538 hominnm
1211 4477 1329 4557 ejusque
1354 4478 1484 4538 viciniam

858 4555 970 4626 timent;
994 4574 1091 4615 ciuem
1111 4560 1254 4617 natantem
1273 4559 1301 4614 et
1319 4554 1449 4615 edentem
1469 4575 1484 4614 e

859 4638 956 4692 contm
988 4638 1146 4710 sequnntur
1177 4632 1304 4693 curiosa.
1350 4631 1485 4693 Venatori

859 4727 916 4770 noii
941 4709 1007 4770 licat
1033 4708 1163 4783 obsonia,
1189 4728 1286 4770 carnes
1309 4709 1355 4769 sel
1373 4708 1485 4792 adipem

859 4787 918 4848 sire
937 4804 1074 4866 coquere,
1092 4786 1152 4850 sira
1171 4789 1277 4849 torrere
1292 4785 1325 4848 iii
1336 4805 1388 4850 sac
1399 4785 1485 4851 domo
