3256 5310
130 204 191 252 vm

130 366 247 449 qrriaem
279 365 393 446 tactum
424 363 503 445 quoa
527 363 729 427 corruuentarii
752 362 812 426 eius
833 361 1017 444 copiosissimi
1036 360 1071 424 ae
1094 360 1197 442 linquo
1218 358 1328 424 Fris'oo
1353 374 1458 440 super·

131 480 212 548 nint,
252 472 425 537 laetandum
466 472 597 556 quidem,
640 471 720 555 quod
758 470 921 536 Concilium
954 470 1121 552 provinciae
1158 468 1282 549 Frisios,
1329 468 1377 530 cui
1413 467 1465 529 lios

132 583 354 648 commentarios
387 599 452 646 una
485 599 553 645 cum
600 580 764 644 bibliotheca
806 587 974 644 testamento
1012 579 1127 660 lepori,
1170 578 1278 641 censuit
1319 575 1464 639 damnum

128 692 224 773 patris
248 697 344 756 morte
369 690 468 754 litteris
493 690 622 765 illatum,
648 697 793 772 quatenns
819 689 851 752 iri
875 689 940 771 fieri
966 696 1070 770 posset,
1099 687 1315 752 resarciendum
1341 703 1407 764 esso,
1438 691 1465 745 et

132 799 323 865 liberasum
357 799 490 880 decrerit,
533 799 649 863 lexicon
693 798 833 863 liisicurn
874 816 913 862 eu
948 800 990 862 nis
1022 797 1236 862 commentariis
1268 801 1323 858 aut
1349 792 1466 875 perfici·

132 909 253 991 nuum,
296 915 351 973 out
388 925 499 973 nooum
536 926 612 972 nooo
650 908 768 972 oonsilio
797 907 1035 972 concinnandum
1060 924 1134 970 esse:
1169 905 1217 969 soa
1244 921 1336 986 quom
1362 900 1465 965 acerbo

131 1019 320 1082 nihilominus
356 1033 436 1081 mors
465 1016 519 1080 illa
549 1017 649 1081 litteris
678 1017 782 1097 suerit,
815 1034 877 1081 non
914 1033 987 1098 opus
1023 1023 1063 1079 est
1101 1022 1134 1079 ut
1171 1015 1272 1077 multu
1309 1012 1463 1092 explicem,

127 1127 300 1209 praesertin
336 1127 381 1199 iis.
416 1126 468 1208 qui
488 1126 581 1189 sciunt
614 1143 706 1207 quam
731 1126 848 1208 pertitus
876 1132 961 1207 pater
994 1124 1136 1189 Frisicarn
1165 1125 1299 1204 linquam
1319 1120 1465 1200 coqnitom

133 1235 264 1311 taimen
307 1252 400 1318 quam
429 1235 590 1298 exercitam
629 1241 656 1298 et
695 1234 804 1298 cultilis
833 1236 916 1299 auris
955 1235 1015 1298 eim
1048 1241 1115 1298 esset
1152 1234 1183 1296 in
1221 1230 1403 1311 dipntnonqs's
1440 1235 1466 1290 ot

132 1343 289 1426 ucaliirm
314 1360 444 1427 quarum
466 1345 532 1407 soni
552 1343 775 1425 aumepanuam
799 1361 879 1407 nunc
902 1344 1052 1426 plerosquo
1073 1344 1173 1423 {opere
1199 1360 1267 1405 eum
1286 1358 1369 1423 saepe
1392 1358 1464 1404 coo-

132 1460 299 1535 quercntern
319 1453 431 1534 audiui,
463 1452 688 1534 dutinmtendu:
718 1472 810 1536 quam
840 1462 923 1518 aculc
952 1455 1053 1518 soleret
1080 1453 1237 1516 discernem
1258 1452 1387 1531 qenuiua
1408 1470 1464 1513 oo·

133 1560 238 1627 mium
267 1562 380 1626 Frusino
405 1579 427 1625 a
454 1562 569 1625 novitiis
598 1561 639 1626 aa
670 1563 863 1628 Hellanaicae
903 1564 1020 1645 linquae
1049 1579 1187 1626 nonnam
1216 1561 1313 1640 sactis,
1337 1578 1466 1642 quorum

134 1670 212 1734 laeta
236 1670 325 1735 herla
350 1687 431 1734 nunc
456 1670 638 1751 pullulata
670 1671 758 1735 latim
785 1671 928 1754 latiusque
953 1672 1061 1753 serpit;
1096 1689 1188 1753 quom
1209 1669 1349 1733 subtiliter
1374 1670 1466 1732 inter·

133 1787 273 1863 nosceret,
301 1785 445 1862 quatenns
474 1796 639 1861 synonymo
660 1781 737 1844 inter
761 1798 791 1845 se
814 1780 984 1862 uitiorum
1009 1787 1154 1863 quantam
1175 1781 1296 1862 denique
1310 1778 1351 1842 aa
1365 1777 1466 1841 serto·

134 1905 204 1953 rum
246 1888 456 1953 animuum
498 1894 526 1951 et
566 1890 769 1970 coqnationem
812 1889 1014 1971 inlaqanaam
1055 1890 1229 1969 linquorum
1270 1893 1465 1967 coqnotarum

134 1997 294 2074 ommium
330 2002 477 2080 quantum
511 1997 544 2059 in
579 1997 738 2062 alumnao
773 2015 898 2063 acumen
933 1998 1065 2079 afferret.
1132 1996 1213 2074 Quas
1247 1997 1366 2059 uirtutes
1398 2013 1465 2057 cum

135 2105 284 2171 aaruiclero
306 2105 408 2170 nullus
438 2103 550 2179 autito,
579 2107 652 2188 quin
680 2107 726 2170 oei
752 2108 953 2189 {repnentum
979 2108 1032 2170 noc
1060 2107 1129 2169 viris
1154 2105 1244 2169 doctis
1269 2105 1466 2185 qratruimurrr

134 2214 274 2294 [caurum
303 2215 352 2287 sit,
388 2232 448 2296 qua
481 2233 520 2278 eo
551 2223 638 2296 parte
670 2216 774 2280 saltem
808 2234 896 2280 suurn
933 2216 1105 2280 duodecimo
1139 2215 1304 2296 espleatur.
1353 2210 1466 2288 Quam·

134 2339 227 2405 quam
256 2322 344 2386 idun
373 2339 487 2385 mecum
516 2322 666 2398 duuiani,
699 2323 779 2405 quoa
808 2331 903 2406 paler,
935 2325 1053 2388 mnsilio
1083 2324 1134 2387 illo
1165 2321 1305 2386 laudabili
1335 2320 1462 2401 quidem,

134 2431 183 2494 soa
201 2447 260 2513 pra
281 2437 387 2511 aetate,
422 2448 482 2512 qua
504 2432 636 2512 susceptu
668 2432 754 2495 nimis
775 2432 873 2495 arduo
902 2432 1021 2500 aluato.
1050 2449 1112 2495 nan
1141 2433 1211 2495 satis
1232 2429 1364 2493 lralrnerit
1386 2446 1466 2490 ooces

134 2546 162 2603 ct
188 2541 320 2622 phrases,
353 2557 429 2622 quae
454 2539 552 2604 aanor
581 2541 613 2602 in
642 2539 738 2604 iiiia
760 2540 954 2603 Neerlandico
975 2543 1008 2604 irs
1029 2547 1210 2611 iuuerunt,
1236 2541 1391 2602 literarum
1412 2553 1465 2599 or·

135 2647 202 2712 aine
229 2664 401 2711 enumerare
422 2652 449 2709 et
472 2647 619 2727 explicaro
643 2665 774 2711 sermone
796 2648 998 2729 Noerlandioo,
1023 2648 1245 2712 derivationibus
1277 2654 1304 2710 et
1336 2646 1467 2709 alrarrun

135 2755 307 2838 inquorum
338 2754 601 2836 comparationibus
633 2756 751 2819 ornr'ssm
802 2757 864 2820 Hoc
896 2759 974 2820 enim
996 2758 1154 2821 consilium.
1180 2763 1292 2820 secutus
1321 2754 1399 2824 lene,
1436 2754 1469 2815 ni

134 2865 238 2945 (alim,
277 2873 304 2928 et
341 2862 393 2927 silri
428 2871 455 2926 et
490 2865 652 2944 posteritati
690 2864 884 2928 consuluisset.
943 2866 1090 2947 Primum,
1131 2867 1157 2928 si
1191 2866 1273 2928 intro
1310 2864 1360 2926 hos
1396 2863 1468 2943 fines

135 2973 311 3047 constitisset,
343 2990 409 3037 earn
439 2973 533 3053 operris
560 2979 687 3054 partem,
726 2990 817 3054 quam
846 2975 1002 3055 praecipue
1034 2991 1133 3037 omnes
1161 2974 1218 3035 oiri
1246 2972 1322 3034 docti
1348 2969 1465 3050 esqloqi-

135 3080 248 3155 talant,
273 3081 375 3164 cuique
396 3081 450 3145 rite
468 3080 643 3163 perfitienao
663 3081 712 3143 ille
733 3080 809 3144 inter
827 3098 938 3162 pancos
958 3099 1015 3162 por
1037 3090 1112 3155 erat,
1136 3081 1177 3144 al
1200 3082 1289 3162 finem
1308 3079 1469 3160 mansere

135 3191 280 3272 potuum.
319 3189 395 3253 Turn
418 3207 493 3270 opus
514 3191 637 3252 maculis
652 3187 838 3270 quibusdam,
863 3208 938 3271 quoe
952 3209 1033 3253 nurse
1048 3193 1074 3253 ci
1087 3190 1222 3269 insident,
1248 3207 1310 3251 nors
1324 3187 1466 3267 aflectum

135 3305 213 3362 esset.
271 3296 402 3363 Candide
434 3298 511 3360 enim
541 3297 637 3361 licam
673 3297 752 3379 quoa
781 3299 885 3370 sentio,
925 3316 1017 3379 neque
1045 3316 1140 3379 pravo
1160 3298 1264 3379 pietate
1293 3296 1338 3359 vel
1368 3295 1466 3376 potius

135 3423 219 3471 caesa
240 3423 342 3471 amore
363 3406 467 3471 dumus
499 3424 578 3488 quae
602 3407 757 3489 unicuique
782 3413 883 3488 patent
905 3406 1100 3470 auumulalro.

182 3514 219 3581 Si
236 3521 323 3597 pater
352 3513 522 3579 Hellanaue
542 3516 704 3597 scripsisset,
738 3514 857 3578 subinde
888 3533 950 3578 non
983 3516 1080 3596 lapsus
1107 3522 1174 3578 esset
1199 3516 1231 3576 in
1254 3512 1410 3576 Latinitate
1432 3518 1466 3572 ut

136 3641 217 3688 morso
237 3623 351 3703 [actmn
372 3623 510 3687 nanum.
549 3623 642 3703 Maqis
664 3623 781 3704 quidem
799 3630 928 3687 versatus
954 3631 1030 3697 orat,
1057 3631 1090 3686 ut
1117 3623 1203 3687 multi
1216 3623 1303 3706 ipsius
1317 3619 1461 3701 aequales,

136 3732 168 3796 in
198 3731 302 3796 Latine
330 3731 488 3805 scribendo,
521 3749 612 3812 quom
638 3732 769 3814 plerique
796 3750 900 3796 eorum
929 3734 981 3813 qui
1009 3733 1092 3795 lodie
1121 3734 1208 3795 literis
1234 3748 1354 3814 operam
1376 3729 1461 3800 aaut,

137 3859 189 3906 noc
209 3858 312 3921 neqem
338 3858 405 3903 eum
426 3841 495 3904 satis
518 3840 668 3920 perspicue
693 3841 855 3921 siqnifioare
880 3841 980 3914 solere,
1008 3840 1079 3922 quia
1104 3841 1181 3919 oelit,
1211 3848 1255 3913 at,
1283 3860 1376 3922 quom
1394 3851 1462 3905 stu-

137 3949 255 4013 dionim
280 3949 394 4013 ratione
422 3956 538 4012 coactns
565 3947 605 4010 acl
633 3955 766 4012 auctores
793 3950 922 4013 classicos
952 3949 1084 4028 leqendos
1112 3965 1223 4028 parum
1248 3950 1300 4011 otri
1334 3949 1459 4034 nabmct,

136 4065 240 4122 conlra
264 4057 359 4121 multo
388 4057 500 4137 saepius
531 4057 563 4118 in
592 4056 734 4120 barbarae
769 4057 935 4121 Latinitatis
968 4059 1163 4121 monunrerrtis
1192 4065 1368 4139 uersaretur,
1402 4077 1463 4122 nou

137 4184 209 4232 raro
243 4184 265 4230 a
296 4182 376 4248 puro
407 4164 508 4227 Latini
538 4166 678 4229 sermonis
718 4183 775 4229 usu
813 4166 931 4248 deflent
971 4175 997 4229 et
1031 4165 1168 4248 loquendi
1195 4165 1297 4228 rnolos
1330 4184 1464 4248 cocosqm

135 4293 247 4358 parum
275 4274 479 4338 Ciceronianus
506 4276 673 4357 usurpauit,
710 4275 789 4357 quod
820 4276 924 4338 ortium
955 4273 1111 4356 elsuqr‘sscn
1145 4276 1171 4338 si
1202 4291 1333 4338 sermione
1365 4277 1464 4357 patrio

137 4386 183 4448 reti
210 4383 353 4448 uoluisset.

184 4492 222 4559 Si
241 4492 363 4574 denque
383 4489 525 4555 combula
544 4491 698 4555 umorum
722 4492 824 4555 ordine
842 4493 1035 4571 recensuisset,
1068 4510 1130 4555 nou
1151 4492 1307 4571 impepisset
1327 4490 1360 4552 iu
1385 4491 1462 4553 alte·

138 4618 209 4665 rum
237 4601 322 4665 illum
350 4600 503 4682 scopulum
530 4599 566 4662 ae
593 4619 652 4682 quo
680 4618 759 4664 nune
785 4601 890 4664 dicam.
941 4600 1111 4682 Quicunque
1142 4603 1174 4663 in
1202 4600 1294 4662 leoco
1316 4599 1464 4662 condendo

139 4709 256 4791 nacula
286 4709 427 4776 uocabula
458 4711 517 4774 nus
546 4709 690 4774 radicibus
718 4709 913 4775 attrilrturus
949 4719 1001 4786 est,
1040 4712 1066 4773 ei
1093 4710 1223 4792 prirrrum
1252 4727 1325 4790 opus
1354 4718 1392 4772 est
1431 4717 1464 4772 ut
