3256 5310
180 209 244 272 tat

435 364 597 423 DRAEYE.

1483 210 1541 275 lid

1141 363 1282 423 Danau.

227 445 287 498 tum
318 440 408 515 majus
440 441 544 500 dieitur
576 441 735 518 dreibroepe
764 447 846 514 (ons
881 442 1048 518 draeyer,
1077 460 1119 518 cg.
1149 460 1236 500 conus
1265 440 1376 574 ligneus
1406 459 1490 500 cavus
1510 441 1541 501 in

226 517 387 592 versatilis),
407 519 555 596 oppositus
575 519 661 577 altero
682 463 846 578 ascendenti

224 600 253 651 et
286 594 465 654 descendenti
490 596 650 673 flopbroepe,
683 597 727 655 vel
761 597 847 672 ophel·

187 670 350 825 drlardffhg.
362 749 443 808 llexio
457 749 533 809 vocis
546 749 577 808 in
591 754 683 808 cantu.
697 749 744 808 Iera
757 723 848 816 tatkje

222 826 275 883 arei
292 845 384 915 paupe
402 825 520 919 drcpen,
549 825 687 917 cantilena
712 820 846 883 suavibus

222 902 333 1056 3⁰55,
351 902 771 1057 &retaliatum
786 899 846 1035 tu

223 1054 241 1114 i.
260 1058 297 1128 a.)
323 1076 381 1115 rem
409 1058 510 1116 malam
535 1058 579 1116 vel
598 1056 750 1116 infaustam
769 1052 845 1114 vafre

227 1133 378 1209 explicare,
403 1134 433 1192 in
452 1135 555 1194 melius
576 1139 690 1194 vertere.

185 1206 303 1280 draei,
329 1229 371 1286 og.
391 1212 544 1272 conversio.
563 1211 690 1282 Phrssis,
713 1211 754 1269 Di
772 1209 846 1281 arist

222 1286 247 1344 ia
275 1306 326 1345 oen
353 1288 378 1346 'e
395 1287 490 1359 draci,
518 1288 649 1347 decoctor
677 1295 759 1348 nocte
788 1287 845 1346 die·

918 518 1078 578 summitste
1110 518 1229 587 camini,
1273 536 1289 575 a
1341 518 1429 576 altera
1460 524 1542 595 parte

920 601 1034 672 apertus
1055 602 1083 654 et
1101 615 1188 672 supra
1208 594 1297 653 canda
1315 593 1410 670 lignee
1421 594 1544 655 instruc·

919 676 978 741 tus,
999 672 1034 730 ab
1051 673 1138 731 altera
1150 673 1277 749 clausus,
1296 688 1380 748 quem
1394 669 1434 729 ita
1447 677 1542 731 movet

920 754 1036 818 ventus,
1062 755 1094 808 nt
1123 749 1169 809 hio
1193 767 1261 808 num
1282 766 1357 809 uani·
1374 746 1403 806 iu
1429 753 1543 826 apertu·

920 844 979 884 ram
1009 826 1057 884 llet
1086 832 1114 885 et
1142 827 1221 885 inmo
1246 767 1370 884 lihernm
1394 826 1543 903 permittet

920 903 1035 962 exitum.
1072 903 1216 980 Figurate,
1249 902 1313 979 qui,
1343 908 1427 978 prout
1456 922 1542 962 suum

920 980 1099 1039 commodum
1124 980 1191 1050 sert,
1220 979 1309 1038 varias
1328 979 1457 1057 sequitur
1477 999 1542 1058 per·

919 1062 976 1129 tes,
1000 1058 1061 1116 Gal.
1074 1057 1218 1134 paranete.

881 1132 1067 1213 draeyers,
1094 1134 1132 1224 pl.
1159 1134 1296 1193 insincera
1314 1132 1415 1208 egendi
1435 1133 1479 1192 sel
1500 1133 1540 1192 lo·

918 1212 1024 1289 quendi
1050 1218 1137 1282 ratro;
1162 1211 1230 1270 alias
1255 1209 1369 1268 sanes.
1405 1210 1445 1268 Di
1462 1211 1541 1286 fleca

914 1291 997 1366 plere
1021 1309 1065 1347 cm
1090 1289 1141 1346 mei
1159 1288 1297 1365 dromas,
1323 1285 1436 1364 pietatis
1455 1287 1541 1346 simu·

222 1381 280 1440 qne
300 1364 461 1435 bacchatur;
481 1366 606 1442 proprie,
625 1365 655 1423 in
672 1385 772 1443 gyrum
785 1384 844 1422 ver·
918 1367 1022 1426 latores
1041 1365 1148 1425 artibus
1167 1369 1262 1441 agunt.

223 1438 301 1498 titur.
331 1440 438 1500 Eadem
464 1443 555 1519 figura
581 1449 677 1518 regnat
703 1443 730 1500 in
752 1443 843 1511 swier,
880 1439 1026 1514 Danau,
1062 1462 1104 1519 cg.
1139 1442 1223 1500 draco
1254 1458 1426 1518 papyraceus
1455 1439 1539 1517 longa

222 1537 332 1664 illidi,
350 1518 406 1653 Keil
424 1519 504 1665 this,
523 1517 844 1666 hiariudwid’sldh

221 1670 298 1728 Mune
324 1691 375 1730 oon
400 1669 423 1730 'e
441 1674 521 1743 auth,
548 1678 640 1730 ueritas
660 1671 842 1741 bacchantur,

221 1745 287 1805 Hol.
313 1750 356 1806 De
380 1754 513 1807 matrones
538 1749 591 1822 siin
618 1769 671 1807 aaa
697 1750 730 1807 de
755 1751 842 1824 ejcam

222 1823 270 1881 Nl.
278 1843 303 1882 v.
332 1827 486 1894 schroecen,
519 1828 651 1902 torquere
684 1824 842 1896 cochleam,

221 1897 349 1959 bacchari
356 1924 365 1971 ;
394 1903 438 1959 eol
462 1920 520 1961 mers
545 1902 594 1961 dan
619 1903 698 1962 rcedt
721 1923 773 1961 vua
798 1920 843 1961 een

223 1975 280 2050 reiis
304 1997 365 2037 maa
390 1997 539 2055 emper
564 1979 655 2037 cordat
678 1982 713 2055 hy
738 1981 768 2038 in
791 1980 843 2054 ar'J'n

214 2053 300 2130 jeapd
323 2060 377 2114 root
395 2057 562 2132 qheacbroeft
580 2056 673 2133 heeft?
701 2055 842 2128 Visscber,

222 2129 438 2209 Sinnepoppen,
468 2135 529 2192 185.
562 2134 667 2209 haga.
689 2137 715 2192 tc
734 2136 843 2204 strove,

222 2209 385 2281 comessari,
407 2209 550 2280 bacchari,
570 2210 645 2269 unde
659 2213 757 2287 Ange.
770 2213 843 2268 sbro-

219 2285 377 2364 oetuesdcy.
411 2287 514 2346 Confer
529 2287 718 2346 Halliwellum
732 2287 761 2346 in
776 2306 843 2346 voce

219 2360 314 2439 ibique
340 2364 435 2422 locum
461 2364 593 2424 nobilem.
618 2396 656 2410 --
675 2365 763 2422 Drusi
791 2384 843 2423 oen

219 2438 249 2496 ds'
267 2457 361 2510 earm,
383 2441 520 2514 (vibrante
537 2461 620 2500 manu
634 2441 745 2500 aurium
758 2441 843 2514 ictus)

220 2515 309 2592 alapa.
339 2517 445 2576 Eadem
472 2520 560 2594 figura
585 2518 612 2576 'n
633 2519 731 2595 elinpcr
750 2538 802 2577 cor
820 2519 843 2578 ’e

220 2610 313 2665 emen,
333 2593 423 2665 idem3
442 2594 578 2671 slirperje,
599 2599 682 2653 conto
717 2615 791 2655 uere.

183 2667 365 2746 dmi-gat,
397 2691 437 2747 cg.
466 2671 544 2747 virgo
571 2671 682 2730 incessu
715 2670 842 2743 erocnlo;

218 2765 283 2824 qnae
309 2748 364 2807 sibi
387 2748 457 2807 mire
477 2748 569 2824 placet
589 2749 737 2808 hincinde
757 2769 841 2809 anum

218 2828 360 2900 torquens.
393 2826 481 2885 Saul.
508 2825 646 2897 deci-cera,
673 2825 757 2886 idem.
777 2826 840 2886 Bnl.

219 2901 243 2960 Ι.
263 2904 328 2959 316.
348 2903 430 2972 Em,
450 2922 530 2961 enus.

179 2976 430 3049 draci-bille,
451 2998 492 3055 cg.
511 2978 647 3037 clathrum
667 2979 760 3037 aditus
780 2980 840 3056 agri

218 3059 330 3113 vertens
349 3074 379 3112 se
399 3054 428 3111 in
448 3054 560 3113 cardine
606 3054 650 3113 alo
678 3055 780 3125 infixo,
811 3063 840 3113 et

217 3129 270 3188 boo
300 3129 383 3188 modo
409 3135 524 3206 apertus
551 3075 604 3189 vel
625 3131 745 3190 clausus.
784 3133 839 3189 Set·

217 3207 296 3264 bilche
321 3210 418 3265 contra
441 3212 513 3266 reste
539 3207 665 3284 utrisque
690 3207 760 3285 palis
780 3208 838 3268 sive

217 3281 347 3361 postibus
369 3283 503 3359 alligatur
528 3289 557 3343 et
576 3284 704 3344 manibus
722 3285 839 3421 ponitur

217 3365 309 3434 (cette,
336 3363 451 3439 ponere)
471 3360 488 3420 i.
503 3381 526 3421 e.
546 3362 656 3421 levatur
677 3366 704 3423 et

215 3438 359 3499 inlocum
379 3438 508 3499 manibus
527 3439 623 3499 fertur.

178 3514 435 3588 draci-tressi,
474 3535 515 3594 og.
554 3515 677 3578 fulcrum
716 3517 837 3578 ferreum

216 3593 299 3653 aheni
318 3594 364 3654 rel
384 3594 447 3653 ollas
466 3613 552 3671 snpra
565 3594 619 3654 ioci
632 3595 741 3672 iguem,
761 3597 837 3674 quod

217 3671 334 3730 vertitur
352 3670 383 3729 in
402 3670 448 3729 axi
467 3672 555 3730 ferreo
575 3673 676 3749 parieti
695 3674 786 3732 affixo.

178 3745 487 3818 draci-scammel,
519 3768 561 3823 cg.
594 3768 743 3839 compages
768 3749 837 3808 inle-

215 3823 272 3882 rior
294 3823 473 3901 lulcrumque
493 3824 613 3884 vehiculi
633 3825 836 3960 ¹⁰⁰hif⁸⁰i¹i⁸'

216 3899 311 3961 abiens
343 3900 374 3959 in
410 3905 534 3960 rotarum
567 3920 640 3961 axes.
715 3902 835 3978 garsia,

214 3979 297 4039 homo
323 3977 440 4038 infirmis
466 3977 600 4054 pedibus,
628 3997 724 4055 gressu
753 3979 836 4038 vacil-

213 4057 305 4127 lante,
325 4059 352 4114 et
372 4054 498 4133 corporis
517 4061 598 4114 motu
618 4055 742 4133 pendulo
761 4055 836 4117 inter

215 4133 349 4194 eundum.

173 4209 414 4282 desi-wartel,
444 4229 485 4288 og.
506 4209 673 4270 verticillum
693 4210 834 4283 ferreum,

212 4293 342 4349 constans
368 4307 402 4347 ex
428 4286 531 4347 annulo
558 4293 588 4346 et
609 4286 639 4346 in
658 4306 692 4347 eo
713 4289 834 4349 versatili

168 4408 171 4413 -
210 4366 257 4426 axi
276 4371 391 4436 uncato,
411 4365 538 4424 medium
557 4365 631 4425 iuter
643 4371 770 4426 catenam
782 4367 834 4426 ier·

210 4461 286 4503 ream
313 4448 342 4502 et
367 4443 477 4514 restim,
512 4461 567 4520 qua
595 4443 714 4503 vincitur
736 4450 832 4504 tauriu

209 4520 240 4580 in
266 4527 355 4599 prato.
383 4519 425 4580 Os.
453 4520 519 4595 Ang
536 4539 560 4578 v.
581 4525 664 4592 mart,
685 4525 831 4592 orerturn,

917 1520 1019 1590 cauda,
1041 1518 1167 1597 pendens
1181 1520 1243 1588 filo,
1262 1536 1348 1595 quem
1362 1521 1465 1575 santus
1478 1536 1540 1575 sus·

918 1600 1141 1731 pensuthsppt
1166 1596 1200 1730 pn
1228 1602 1305 1730 stirp}
1332 1594 1411 1748 lusflpas
1438 1613 1540 1729 puppa·

917 1694 989 1734 rum.
1061 1693 1071 1730 ι
1118 1692 1166 1731 ree
1212 1691 1279 1748 opayr
1304 1690 1333 1741 e,
1411 1688 1444 1728 ne
1531 1714 1538 1730 .

918 1751 1002 1828 Angli
1020 1751 1090 1819 tite,
1113 1749 1203 1820 idem,
1223 1767 1274 1826 pro
1297 1748 1336 1807 rie
1353 1747 1468 1816 milvus,
1487 1746 1538 1805 sed

917 1828 995 1887 Secti
1015 1828 1128 1904 drepon,
1151 1769 1346 1905 apaperlite.
1358 1824 1429 1884 Jsm.
1451 1823 1538 1883 Hioee

918 1905 1002 1965 ludus
1032 1909 1094 1980 eget
1115 1903 1185 1963 coelo
1205 1921 1303 1962 sereno
1324 1920 1389 1960 cum
1408 1899 1537 1960 densiore

917 2002 996 2052 aare,
1021 2000 1108 2060 quera
1128 1981 1246 2040 maxime
1267 1998 1361 2038 mensa
1381 1976 1537 2055 Septembri

917 2060 1024 2136 agitur,
1055 2078 1119 2116 cum
1148 2057 1223 2117 venti
1243 2055 1389 2115 solidiores
1408 2053 1538 2114 autumni

917 2136 1056 2195 intensius
1076 2138 1142 2194 flare
1161 2133 1310 2212 incipiunt.
1341 2132 1390 2191 Gr.
1409 2132 1479 2192 Lex„
1499 2131 1537 2191 ΙΙ.

920 2215 1001 2272 last.
1029 2212 1085 2271 Hd.
1105 2212 1216 2280 drocis,
1243 2208 1332 2269 Sani
1351 2209 1449 2280 drake,
1476 2208 1537 2267 Gal.

917 2292 1090 2364 cers-volant,
1111 2287 1159 2347 Nl
1179 2288 1284 2365 olieper.

955 2367 1062 2426 Milites
1082 2365 1204 2425 Orucieti
1224 2384 1239 2423 e
1260 2362 1339 2422 bellis
1358 2361 1443 2421 sacris
1457 2361 1538 2421 redu·

917 2464 962 2503 ces
975 2463 1071 2503 secum
1083 2443 1211 2503 tulerunt
1224 2438 1357 2500 miracula
1371 2444 1399 2498 et
1413 2445 1537 2497 monstra

915 2524 979 2579 ficta
998 2520 1066 2580 artis
1079 2519 1195 2597 magicae
1209 2518 1345 2587 Arabum,
1367 2534 1455 2593 eaque
1472 2515 1537 2573 mis·

916 2603 1036 2658 suerunt
1068 2616 1131 2656 cum
1165 2593 1336 2672 mythologie
1368 2593 1537 2671 populorum

916 2674 1077 2735 occidentis.
1112 2674 1189 2732 luter
1209 2692 1242 2731 ea
1262 2670 1421 2730 eminebant
1442 2670 1538 2729 draco·

916 2772 965 2812 nes
989 2758 1017 2811 et
1037 2751 1112 2811 cervi
1131 2749 1212 2820 alati,
1236 2749 1286 2827 qui
1304 2767 1356 2826 per
1376 2766 1440 2806 aera
1461 2746 1536 2805 vola·

915 2830 997 2899 bant,
1030 2847 1160 2906 quosue
1190 2826 1272 2904 pueri
1307 2827 1336 2883 in
1369 2824 1428 2882 suis
1460 2821 1536 2881 ludis

914 2905 1068 2966 imitabant.
1097 2848 1189 2962 draco
1204 2901 1369 2961 credebatur
1382 2900 1536 2958 instructus

913 2983 998 3057 longe
1021 2987 1049 3039 et
1069 2978 1193 3038 horribili
1213 2976 1312 3046 cauda,
1341 2994 1425 3053 quem
1446 2975 1536 3033 cauda

913 3057 1041 3118 draconis
1091 3054 1220 3133 apyracei
1250 3055 1438 3129 repraesentat.
1469 3052 1536 3110 Gib-

914 3134 986 3204 bon,
1019 3076 1128 3191 dachus
1160 3131 1216 3190 and
1248 3130 1297 3188 fall
1329 3129 1362 3188 oi
1386 3128 1433 3187 the
1452 3128 1533 3188 Rom.

913 3211 994 3287 Emp.
1022 3208 1070 3269 Vl.
1097 3211 1162 3267 892.
1189 3206 1300 3279 Brand,
1325 3204 1411 3278 lillis,
1435 3207 1535 3282 (lasa)

742 3383 757 3422 e
777 3363 838 3422 loco
874 3365 982 3425 draelr
1002 3363 1073 3437 (di),
1093 3361 1229 3422 diabolus.

874 3442 997 3512 draak,
1011 3439 1114 3500 lemine
1124 3439 1253 3518 gibbosa,
1267 3437 1416 3509 deformis,
1429 3455 1535 3507 amam,

912 3519 1017 3580 invida.
1062 3517 1093 3577 F.
1101 3538 1130 3577 u.
1160 3537 1212 3595 per
1241 3515 1463 3594 paronomasiam
1492 3514 1535 3572 De

912 3597 996 3656 dreelr
1008 3596 1089 3672 oliepe
1100 3596 1165 3664 lete,
1180 3591 1360 3654 deambulare
1373 3610 1436 3650 eum
1448 3609 1534 3649 uxore

911 3694 963 3734 sua
976 3672 1099 3750 gibbose
1113 3672 1169 3731 Hd.
1180 3671 1289 3741 dracho,
1302 3668 1391 3739 idem,
1404 3668 1454 3728 Gr.
1467 3668 1533 3726 Len

910 3752 997 3886 nhil:
1008 3751 1179 3884 dir²shnand
1189 3823 1239 3882 dea
1248 3823 1332 3881 draelr
1344 3823 1443 3892 roekeu,
1457 3824 1533 3898 (cnm

910 3903 1006 3982 aliquo
1039 3920 1180 3979 pungere,
1213 3902 1352 3976 configere
1385 3899 1534 3959 draconem

909 3980 928 4039 i.
948 3983 983 4056 e.)
1004 3978 1123 4038 illudere
1144 3997 1236 4056 quem.
1266 3976 1358 4037 Variis
1377 3975 1467 4035 modis
1488 3977 1534 4036 de-

891 4061 1021 4116 cantata
1041 4058 1083 4114 est
1101 4054 1209 4127 fabule,
1229 4072 1411 4133 quemnemo
1429 4054 1532 4126 credit,

909 4134 1008 4194 heroes
1034 4132 1165 4211 antiquos
1194 4131 1377 4193 debellavisse
1400 4138 1428 4191 et
1448 4133 1533 4191 confi·

929 4211 983 4271 isse
1003 4210 1167 4282 draconem,
1187 4209 1237 4288 qui
1257 4215 1331 4269 totas
1351 4208 1479 4287 regiones
1492 4209 1533 4269 in·

908 4233 1034 4349 iactabat.
1062 4287 1140 4347 Inter
1159 4307 1206 4347 eoa
1227 4286 1344 4347 celebris
1364 4292 1408 4346 est
1420 4293 1532 4347 sanctus

907 4366 998 4436 Joris,
1029 4365 1078 4443 qui
1099 4366 1177 4424 basta
1198 4365 1362 4441 transfigens
1382 4363 1531 4424 draconem

907 4444 1049 4502 furentem
1063 4442 1094 4502 in
1107 4442 1232 4502 millibus
1244 4440 1404 4517 insignibus
1416 4438 1531 4498 urbium

908 4526 935 4578 et
955 4520 1083 4597 gentium
1098 4519 1246 4590 nobilium,
1266 4519 1296 4577 iu
1314 4516 1438 4576 millibus
1452 4513 1530 4574 tabu·

208 4602 236 4656 to
256 4597 363 4676 plough
382 4596 448 4657 land
461 4596 642 4668 overthuart;
664 4598 710 4656 Nl.
724 4598 830 4670 vercel,
904 4597 940 4656 lis
959 4596 1044 4674 pictis
1063 4597 1242 4674 templorum,
1268 4590 1528 4662 circumferebatun

208 4674 241 4734 ll.
261 4675 357 4745 uarie,
399 4674 522 4745 assulas3
546 4674 577 4733 F.
597 4680 679 4745 wart,
700 4693 829 4745 verruca,

207 4750 328 4829 papilla,
350 4693 397 4810 Nl
416 4755 498 4821 rorat,
520 4769 642 4810 verruca.

905 4674 976 4733 banc
996 4673 1121 4732 tabulam
1141 4672 1253 4732 credere
1271 4669 1407 4730 simulans
1422 4673 1527 4728 etcum

904 4751 1020 4810 credulo
1033 4750 1184 4809 draconem
1197 4748 1352 4825 configens,
1370 4746 1396 4806 ai
1409 4744 1528 4808 illudere
