<?xml version="1.0" encoding="UTF-8"?>
<!DOCTYPE html PUBLIC "-//W3C//DTD XHTML 1.0 Transitional//EN"
    "http://www.w3.org/TR/xhtml1/DTD/xhtml1-transitional.dtd">
<html xmlns="http://www.w3.org/1999/xhtml" xml:lang="en" lang="en">
 <head>
  <title>
</title>
<meta http-equiv="Content-Type" content="text/html;charset=utf-8" />
  <meta name='ocr-system' content='tesseract 3.04.00' />
  <meta name='ocr-capabilities' content='ocr_page ocr_carea ocr_par ocr_line ocrx_word'/>
</head>
<body>
  <div class='ocr_page' id='page_1' title='image "./lexiconfrisicum00halbgoog_0491.png"; bbox 0 0 3256 5310; ppageno 0'>
   <div class='ocr_carea' id='block_1_1' title="bbox 130 218 541 422">
    <p class='ocr_par' dir='ltr' id='par_1_1' title="bbox 130 218 541 422">
     <span class='ocr_line' id='line_1_1' title="bbox 130 218 185 275; baseline -0.036 0"><span class='ocrx_word' id='word_1_1' title='bbox 130 218 185 275; x_wconf 76' lang='grc'>963</span> 
     </span>
     <span class='ocr_line' id='line_1_2' title="bbox 386 364 541 422; baseline 0 0"><span class='ocrx_word' id='word_1_2' title='bbox 386 364 541 422; x_wconf 76' lang='lat' dir='ltr'>FAESTJE.</span> 
     </span>
    </p>
   </div>
   <div class='ocr_carea' id='block_1_2' title="bbox 165 440 800 1206">
    <p class='ocr_par' dir='ltr' id='par_1_2' title="bbox 165 440 800 1206">
     <span class='ocr_line' id='line_1_3' title="bbox 172 440 799 517; baseline -0.003 -17"><span class='ocrx_word' id='word_1_3' title='bbox 172 448 222 513; x_wconf 81' lang='lat' dir='ltr'>ten,</span> <span class='ocrx_word' id='word_1_4' title='bbox 236 441 397 516; x_wconf 74' lang='lat' dir='ltr'>Rusestic,</span> <span class='ocrx_word' id='word_1_5' title='bbox 408 441 549 517; x_wconf 85' lang='lat' dir='ltr'>jejunium</span> <span class='ocrx_word' id='word_1_6' title='bbox 563 459 680 510; x_wconf 75' lang='lat' dir='ltr'>seruare,</span> <span class='ocrx_word' id='word_1_7' title='bbox 692 440 799 514; x_wconf 74' lang='lat' dir='ltr'>jejunio</span> 
     </span>
     <span class='ocr_line' id='line_1_4' title="bbox 172 517 798 595; baseline -0.003 -19"><span class='ocrx_word' id='word_1_8' title='bbox 172 518 305 578; x_wconf 89' lang='lat' dir='ltr'>delictum</span> <span class='ocrx_word' id='word_1_9' title='bbox 332 517 448 595; x_wconf 90' lang='lat' dir='ltr'>punire,</span> <span class='ocrx_word' id='word_1_10' title='bbox 475 519 542 594; x_wconf 83' lang='lat' dir='ltr'>Aga.</span> <span class='ocrx_word' id='word_1_11' title='bbox 562 519 682 592; x_wconf 83' lang='lat' dir='ltr'>faeeton,</span> <span class='ocrx_word' id='word_1_12' title='bbox 708 517 798 588; x_wconf 88' lang='lat' dir='ltr'>idem,</span> 
     </span>
     <span class='ocr_line' id='line_1_5' title="bbox 172 594 799 671; baseline -0.002 -19"><span class='ocrx_word' id='word_1_13' title='bbox 172 596 237 653; x_wconf 87' lang='lat' dir='ltr'>Got.</span> <span class='ocrx_word' id='word_1_14' title='bbox 250 596 365 671; x_wconf 80' lang='lat' dir='ltr'>seston,</span> <span class='ocrx_word' id='word_1_15' title='bbox 395 601 504 664; x_wconf 89' lang='lat' dir='ltr'>tencre,</span> <span class='ocrx_word' id='word_1_16' title='bbox 534 594 697 662; x_wconf 82' lang='lat' dir='ltr'>obseruare,</span> <span class='ocrx_word' id='word_1_17' title='bbox 727 611 799 652; x_wconf 90' lang='lat' dir='ltr'>com·</span> 
     </span>
     <span class='ocr_line' id='line_1_6' title="bbox 171 670 798 749; baseline -0.003 -20"><span class='ocrx_word' id='word_1_18' title='bbox 171 671 364 749; x_wconf 83' lang='lat' dir='ltr'><strong>prehendere,</strong></span> <span class='ocrx_word' id='word_1_19' title='bbox 389 670 406 728; x_wconf 92' lang='lat' dir='ltr'>i.</span> <span class='ocrx_word' id='word_1_20' title='bbox 429 690 452 732; x_wconf 93' lang='lat' dir='ltr'>e.</span> <span class='ocrx_word' id='word_1_21' title='bbox 481 689 511 728; x_wconf 89' lang='lat' dir='ltr'>se</span> <span class='ocrx_word' id='word_1_22' title='bbox 537 671 684 728; x_wconf 88' lang='lat' dir='ltr'>abstinere.</span> <span class='ocrx_word' id='word_1_23' title='bbox 717 671 798 728; x_wconf 83' lang='lat' dir='ltr'>l‘rov.</span> 
     </span>
     <span class='ocr_line' id='line_1_7' title="bbox 172 748 800 824; baseline -0.003 -18"><span class='ocrx_word' id='word_1_24' title='bbox 172 750 248 824; x_wconf 74' lang='lat' dir='ltr'>Lcrrp</span> <span class='ocrx_word' id='word_1_25' title='bbox 260 750 374 823; x_wconf 79' lang='lat' dir='ltr'>saestjen</span> <span class='ocrx_word' id='word_1_26' title='bbox 394 748 418 806; x_wconf 84' lang='lat' dir='ltr'>is</span> <span class='ocrx_word' id='word_1_27' title='bbox 431 748 478 805; x_wconf 82' lang='lat' dir='ltr'>nin</span> <span class='ocrx_word' id='word_1_28' title='bbox 491 748 562 804; x_wconf 82' lang='lat' dir='ltr'>dreo’</span> <span class='ocrx_word' id='word_1_29' title='bbox 576 749 694 822; x_wconf 79' lang='lat' dir='ltr'>sporjen,</span> <span class='ocrx_word' id='word_1_30' title='bbox 715 748 800 820; x_wconf 86' lang='lat' dir='ltr'>longo</span> 
     </span>
     <span class='ocr_line' id='line_1_8' title="bbox 165 824 798 958; baseline -0.003 -76"><span class='ocrx_word' id='word_1_31' title='bbox 165 825 273 901; x_wconf 85' lang='lat' dir='ltr'>jejunio</span> <span class='ocrx_word' id='word_1_32' title='bbox 300 844 356 883; x_wconf 91' lang='lat' dir='ltr'>nou</span> <span class='ocrx_word' id='word_1_33' title='bbox 387 824 479 900; x_wconf 92' lang='lat' dir='ltr'>parcis</span> <span class='ocrx_word' id='word_1_34' title='bbox 505 824 581 958; x_wconf 58' lang='lat' dir='ltr'>paui.</span> <span class='ocrx_word' id='word_1_35' title='bbox 610 825 685 899; x_wconf 74' lang='lat' dir='ltr'>Lonp</span> <span class='ocrx_word' id='word_1_36' title='bbox 697 825 798 899; x_wconf 78' lang='lat' dir='ltr'>scotica</span> 
     </span>
     <span class='ocr_line' id='line_1_9' title="bbox 171 901 799 976; baseline -0.003 -18"><span class='ocrx_word' id='word_1_37' title='bbox 171 904 195 959; x_wconf 83' lang='lat' dir='ltr'>is</span> <span class='ocrx_word' id='word_1_38' title='bbox 214 903 261 959; x_wconf 81' lang='lat' dir='ltr'>nin</span> <span class='ocrx_word' id='word_1_39' title='bbox 281 902 334 960; x_wconf 81' lang='lat' dir='ltr'>brae</span> <span class='ocrx_word' id='word_1_40' title='bbox 353 901 486 976; x_wconf 72' lang='lat' dir='ltr'>apersim,</span> <span class='ocrx_word' id='word_1_41' title='bbox 533 919 602 958; x_wconf 88' lang='lat' dir='ltr'>urm.</span> <span class='ocrx_word' id='word_1_42' title='bbox 623 904 669 958; x_wconf 85' lang='lat'>43.</span> <span class='ocrx_word' id='word_1_43' title='bbox 682 932 720 945; x_wconf 91' lang='lat'><em>-</em></span> <span class='ocrx_word' id='word_1_44' title='bbox 733 903 799 959; x_wconf 81' lang='lat' dir='ltr'>Daer</span> 
     </span>
     <span class='ocr_line' id='line_1_10' title="bbox 170 977 798 1054; baseline -0.003 -19"><span class='ocrx_word' id='word_1_45' title='bbox 170 979 195 1036; x_wconf 81' lang='lat' dir='ltr'>is</span> <span class='ocrx_word' id='word_1_46' title='bbox 217 978 286 1054; x_wconf 74' lang='lat' dir='ltr'>poed</span> <span class='ocrx_word' id='word_1_47' title='bbox 303 979 445 1050; x_wconf 78' lang='lat' dir='ltr'>scaettjen,</span> <span class='ocrx_word' id='word_1_48' title='bbox 475 977 599 1034; x_wconf 77' lang='lat' dir='ltr'>marniae</span> <span class='ocrx_word' id='word_1_49' title='bbox 612 979 723 1051; x_wconf 64' lang='lat' dir='ltr'>soesd&#39;en</span> <span class='ocrx_word' id='word_1_50' title='bbox 743 978 798 1046; x_wconf 77' lang='lat' dir='ltr'>aei,</span> 
     </span>
     <span class='ocr_line' id='line_1_11' title="bbox 172 1053 798 1131; baseline -0.003 -19"><span class='ocrx_word' id='word_1_51' title='bbox 172 1061 332 1131; x_wconf 85' lang='lat' dir='ltr'>exspectare</span> <span class='ocrx_word' id='word_1_52' title='bbox 358 1073 510 1131; x_wconf 89' lang='lat' dir='ltr'>possumus</span> <span class='ocrx_word' id='word_1_53' title='bbox 537 1053 604 1111; x_wconf 74' lang='lat' dir='ltr'>hori</span> <span class='ocrx_word' id='word_1_54' title='bbox 621 1054 732 1130; x_wconf 81' lang='lat' dir='ltr'>prandii</span> <span class='ocrx_word' id='word_1_55' title='bbox 752 1053 798 1111; x_wconf 90' lang='lat' dir='ltr'>ab·</span> 
     </span>
     <span class='ocr_line' id='line_1_12' title="bbox 172 1129 796 1206; baseline -0.003 -17"><span class='ocrx_word' id='word_1_56' title='bbox 172 1141 281 1189; x_wconf 77' lang='lat' dir='ltr'>sentem</span> <span class='ocrx_word' id='word_1_57' title='bbox 316 1132 476 1200; x_wconf 82' lang='lat' dir='ltr'>convivam,</span> <span class='ocrx_word' id='word_1_58' title='bbox 509 1130 544 1188; x_wconf 94' lang='lat' dir='ltr'>ad</span> <span class='ocrx_word' id='word_1_59' title='bbox 565 1131 625 1206; x_wconf 81' lang='lat' dir='ltr'>ejus</span> <span class='ocrx_word' id='word_1_60' title='bbox 645 1129 796 1188; x_wconf 85' lang='lat' dir='ltr'>adrentum</span> 
     </span>
    </p>
   </div>
   <div class='ocr_carea' id='block_1_3' title="bbox 167 1208 819 1297">
    <p class='ocr_par' dir='ltr' id='par_1_3' title="bbox 167 1208 819 1297">
     <span class='ocr_line' id='line_1_13' title="bbox 167 1208 819 1297; baseline -0.009 -32"><span class='ocrx_word' id='word_1_61' title='bbox 167 1208 293 1297; x_wconf 72' lang='lat' dir='ltr'>jejunare</span> <span class='ocrx_word' id='word_1_62' title='bbox 320 1227 374 1265; x_wconf 92' lang='lat' dir='ltr'>non</span> <span class='ocrx_word' id='word_1_63' title='bbox 404 1224 562 1283; x_wconf 89' lang='lat' dir='ltr'>possumus.</span> <span class='ocrx_word' id='word_1_64' title='bbox 589 1238 628 1251; x_wconf 89' lang='lat'><em>-</em></span> <span class='ocrx_word' id='word_1_65' title='bbox 648 1209 676 1264; x_wconf 90' lang='lat' dir='ltr'>It</span> <span class='ocrx_word' id='word_1_66' title='bbox 688 1209 819 1282; x_wconf 66' lang='lat' dir='ltr'>saesp&#39;en·</span> 
     </span>
    </p>
   </div>
   <div class='ocr_carea' id='block_1_4' title="bbox 135 1283 798 2662">
    <p class='ocr_par' dir='ltr' id='par_1_4' title="bbox 168 1283 798 2416">
     <span class='ocr_line' id='line_1_14' title="bbox 171 1283 797 1359; baseline -0.002 -17"><span class='ocrx_word' id='word_1_67' title='bbox 171 1304 195 1342; x_wconf 81' lang='lat' dir='ltr'>as</span> <span class='ocrx_word' id='word_1_68' title='bbox 214 1289 289 1353; x_wconf 81' lang='lat' dir='ltr'>aeut,</span> <span class='ocrx_word' id='word_1_69' title='bbox 309 1303 369 1341; x_wconf 85' lang='lat' dir='ltr'>mur</span> <span class='ocrx_word' id='word_1_70' title='bbox 388 1284 436 1344; x_wconf 83' lang='lat' dir='ltr'>dot</span> <span class='ocrx_word' id='word_1_71' title='bbox 455 1283 571 1342; x_wconf 79' lang='lat' dir='ltr'>diwebce</span> <span class='ocrx_word' id='word_1_72' title='bbox 590 1284 687 1342; x_wconf 72' lang='lat' dir='ltr'>lesen!</span> <span class='ocrx_word' id='word_1_73' title='bbox 706 1328 722 1354; x_wconf 89' lang='lat'>„</span> <span class='ocrx_word' id='word_1_74' title='bbox 729 1285 797 1359; x_wconf 87' lang='lat' dir='ltr'>jeju·</span> 
     </span>
     <span class='ocr_line' id='line_1_15' title="bbox 171 1359 797 1438; baseline -0.003 -19"><span class='ocrx_word' id='word_1_75' title='bbox 171 1361 248 1419; x_wconf 93' lang='lat' dir='ltr'>nium</span> <span class='ocrx_word' id='word_1_76' title='bbox 283 1359 488 1438; x_wconf 88' lang='lat' dir='ltr'>quadresimale</span> <span class='ocrx_word' id='word_1_77' title='bbox 520 1359 588 1418; x_wconf 86' lang='lat' dir='ltr'>milri</span> <span class='ocrx_word' id='word_1_78' title='bbox 623 1361 684 1419; x_wconf 89' lang='lat' dir='ltr'>lere</span> <span class='ocrx_word' id='word_1_79' title='bbox 712 1379 797 1430; x_wconf 92' lang='lat' dir='ltr'>ouus,</span> 
     </span>
     <span class='ocr_line' id='line_1_16' title="bbox 169 1436 797 1537; baseline -0.003 -42"><span class='ocrx_word' id='word_1_80' title='bbox 169 1437 218 1495; x_wconf 91' lang='lat' dir='ltr'>sed</span> <span class='ocrx_word' id='word_1_81' title='bbox 239 1457 338 1537; x_wconf 86' lang='lat' dir='ltr'>preces</span> <span class='ocrx_word' id='word_1_82' title='bbox 365 1439 426 1495; x_wconf 88' lang='lat' dir='ltr'>istae</span> <span class='ocrx_word' id='word_1_83' title='bbox 451 1436 590 1496; x_wconf 78' lang='lat' dir='ltr'>continuae</span> <span class='ocrx_word' id='word_1_84' title='bbox 610 1436 797 1496; x_wconf 75' lang='lat' dir='ltr'>intolerabiles</span> 
     </span>
     <span class='ocr_line' id='line_1_17' title="bbox 170 1513 797 1590; baseline -0.002 -19"><span class='ocrx_word' id='word_1_85' title='bbox 170 1523 237 1572; x_wconf 90' lang='lat' dir='ltr'>sunt</span> <span class='ocrx_word' id='word_1_86' title='bbox 253 1515 269 1583; x_wconf 94' lang='lat'>&#39;,</span> <span class='ocrx_word' id='word_1_87' title='bbox 300 1533 334 1571; x_wconf 86' lang='lat' dir='ltr'>ex</span> <span class='ocrx_word' id='word_1_88' title='bbox 365 1514 449 1572; x_wconf 83' lang='lat' dir='ltr'>trivio</span> <span class='ocrx_word' id='word_1_89' title='bbox 480 1513 598 1590; x_wconf 81' lang='lat' dir='ltr'>phrasis.</span> <span class='ocrx_word' id='word_1_90' title='bbox 635 1515 682 1588; x_wconf 77' lang='lat' dir='ltr'>Hp</span> <span class='ocrx_word' id='word_1_91' title='bbox 711 1514 735 1572; x_wconf 82' lang='lat' dir='ltr'>is</span> <span class='ocrx_word' id='word_1_92' title='bbox 753 1531 797 1570; x_wconf 85' lang='lat' dir='ltr'>soa</span> 
     </span>
     <span class='ocr_line' id='line_1_18' title="bbox 171 1589 797 1665; baseline -0.003 -16"><span class='ocrx_word' id='word_1_93' title='bbox 171 1590 280 1649; x_wconf 65' lang='lat' dir='ltr'>scoliam</span> <span class='ocrx_word' id='word_1_94' title='bbox 307 1609 338 1647; x_wconf 86' lang='lat' dir='ltr'>os</span> <span class='ocrx_word' id='word_1_95' title='bbox 363 1589 489 1649; x_wconf 61' lang='lat' dir='ltr'>demate</span> <span class='ocrx_word' id='word_1_96' title='bbox 513 1589 588 1648; x_wconf 76' lang='lat' dir='ltr'>cneio</span> <span class='ocrx_word' id='word_1_97' title='bbox 614 1592 653 1664; x_wconf 71' lang='lat' dir='ltr'>ijs</span> <span class='ocrx_word' id='word_1_98' title='bbox 675 1590 698 1648; x_wconf 85' lang='lat' dir='ltr'>’e</span> <span class='ocrx_word' id='word_1_99' title='bbox 709 1594 797 1665; x_wconf 78' lang='lat' dir='ltr'>scete,</span> 
     </span>
     <span class='ocr_line' id='line_1_19' title="bbox 169 1665 797 1756; baseline -0.002 -32"><span class='ocrx_word' id='word_1_100' title='bbox 169 1672 225 1756; x_wconf 81' lang='lat' dir='ltr'>tam</span> <span class='ocrx_word' id='word_1_101' title='bbox 250 1672 354 1756; x_wconf 39' lang='lat' dir='ltr'>&#39;gratus</span> <span class='ocrx_word' id='word_1_102' title='bbox 386 1673 418 1725; x_wconf 93' lang='lat' dir='ltr'>ut</span> <span class='ocrx_word' id='word_1_103' title='bbox 446 1666 553 1755; x_wconf 74' lang='lat' dir='ltr'>primus</span> <span class='ocrx_word' id='word_1_104' title='bbox 583 1665 641 1756; x_wconf 78' lang='lat' dir='ltr'>dies</span> <span class='ocrx_word' id='word_1_105' title='bbox 671 1666 737 1724; x_wconf 90' lang='lat' dir='ltr'>solis</span> <span class='ocrx_word' id='word_1_106' title='bbox 767 1666 797 1723; x_wconf 93' lang='lat' dir='ltr'>iu</span> 
     </span>
     <span class='ocr_line' id='line_1_20' title="bbox 168 1743 796 1894; baseline -0.002 -17"><span class='ocrx_word' id='word_1_107' title='bbox 168 1743 658 1894; x_wconf 61' lang='lat' dir='ltr'>titt-&#39;ttattt‘ldtdd’atla</span> <span class='ocrx_word' id='word_1_108' title='bbox 671 1760 796 1877; x_wconf 63' lang='lat' dir='ltr'>titt}</span> 
     </span>
     <span class='ocr_line' id='line_1_21' title="bbox 171 1894 796 1972; baseline 0 -19"><span class='ocrx_word' id='word_1_109' title='bbox 171 1896 292 1955; x_wconf 83' lang='lat' dir='ltr'>dinarios</span> <span class='ocrx_word' id='word_1_110' title='bbox 312 1894 460 1972; x_wconf 81' lang='lat' dir='ltr'>exigebat;</span> <span class='ocrx_word' id='word_1_111' title='bbox 480 1895 497 1952; x_wconf 93' lang='lat' dir='ltr'>i.</span> <span class='ocrx_word' id='word_1_112' title='bbox 520 1915 542 1953; x_wconf 92' lang='lat' dir='ltr'>e.</span> <span class='ocrx_word' id='word_1_113' title='bbox 564 1895 679 1953; x_wconf 90' lang='lat' dir='ltr'>minime</span> <span class='ocrx_word' id='word_1_114' title='bbox 699 1902 796 1970; x_wconf 89' lang='lat' dir='ltr'>gratus</span> 
     </span>
     <span class='ocr_line' id='line_1_22' title="bbox 172 1972 796 2048; baseline -0.002 -18"><span class='ocrx_word' id='word_1_115' title='bbox 172 1973 323 2031; x_wconf 85' lang='lat' dir='ltr'>estssurm.</span> <span class='ocrx_word' id='word_1_116' title='bbox 350 1975 386 2030; x_wconf 84' lang='lat'>31</span> <span class='ocrx_word' id='word_1_117' title='bbox 415 1990 465 2048; x_wconf 91' lang='lat' dir='ltr'>pro</span> <span class='ocrx_word' id='word_1_118' title='bbox 489 1972 561 2029; x_wconf 71' lang='lat' dir='ltr'>anda</span> <span class='ocrx_word' id='word_1_119' title='bbox 581 1991 696 2048; x_wconf 88' lang='lat' dir='ltr'>quoque</span> <span class='ocrx_word' id='word_1_120' title='bbox 717 1992 796 2030; x_wconf 88' lang='lat' dir='ltr'>usur·</span> 
     </span>
     <span class='ocr_line' id='line_1_23' title="bbox 171 2048 797 2126; baseline -0.002 -18"><span class='ocrx_word' id='word_1_121' title='bbox 171 2054 240 2126; x_wconf 92' lang='lat' dir='ltr'>pant</span> <span class='ocrx_word' id='word_1_122' title='bbox 259 2049 289 2107; x_wconf 83' lang='lat' dir='ltr'>di</span> <span class='ocrx_word' id='word_1_123' title='bbox 309 2053 391 2106; x_wconf 77' lang='lat' dir='ltr'>serste</span> <span class='ocrx_word' id='word_1_124' title='bbox 403 2048 499 2123; x_wconf 77' lang='lat' dir='ltr'>freed,</span> <span class='ocrx_word' id='word_1_125' title='bbox 525 2048 617 2125; x_wconf 89' lang='lat' dir='ltr'>prima</span> <span class='ocrx_word' id='word_1_126' title='bbox 637 2049 695 2106; x_wconf 89' lang='lat' dir='ltr'>dies</span> <span class='ocrx_word' id='word_1_127' title='bbox 716 2069 797 2107; x_wconf 88' lang='lat' dir='ltr'>vene·</span> 
     </span>
     <span class='ocr_line' id='line_1_24' title="bbox 170 2125 798 2214; baseline 0.002 -30"><span class='ocrx_word' id='word_1_128' title='bbox 170 2128 210 2184; x_wconf 89' lang='lat' dir='ltr'>ris</span> <span class='ocrx_word' id='word_1_129' title='bbox 228 2157 268 2172; x_wconf 91' lang='lat'>-</span> <span class='ocrx_word' id='word_1_130' title='bbox 287 2125 324 2183; x_wconf 72' lang='lat' dir='ltr'>’t&#39;</span> <span class='ocrx_word' id='word_1_131' title='bbox 341 2125 365 2182; x_wconf 84' lang='lat' dir='ltr'>is</span> <span class='ocrx_word' id='word_1_132' title='bbox 381 2145 438 2202; x_wconf 78' lang='lat' dir='ltr'>qaae</span> <span class='ocrx_word' id='word_1_133' title='bbox 445 2125 550 2214; x_wconf 73' lang='lat' dir='ltr'>seatien</span> <span class='ocrx_word' id='word_1_134' title='bbox 569 2144 602 2200; x_wconf 82' lang='lat' dir='ltr'>op</span> <span class='ocrx_word' id='word_1_135' title='bbox 619 2127 661 2183; x_wconf 85' lang='lat' dir='ltr'>ien</span> <span class='ocrx_word' id='word_1_136' title='bbox 674 2144 798 2185; x_wconf 80' lang='lat' dir='ltr'>sumans</span> 
     </span>
     <span class='ocr_line' id='line_1_25' title="bbox 170 2200 796 2275; baseline 0 -15"><span class='ocrx_word' id='word_1_137' title='bbox 170 2201 241 2260; x_wconf 80' lang='lat' dir='ltr'>daed</span> <span class='ocrx_word' id='word_1_138' title='bbox 266 2200 366 2275; x_wconf 81' lang='lat' dir='ltr'>(daed),</span> <span class='ocrx_word' id='word_1_139' title='bbox 394 2201 503 2261; x_wconf 81' lang='lat' dir='ltr'>inbrans</span> <span class='ocrx_word' id='word_1_140' title='bbox 530 2202 614 2259; x_wconf 92' lang='lat' dir='ltr'>morti</span> <span class='ocrx_word' id='word_1_141' title='bbox 634 2208 662 2261; x_wconf 93' lang='lat' dir='ltr'>et</span> <span class='ocrx_word' id='word_1_142' title='bbox 682 2202 796 2261; x_wconf 79' lang='lat' dir='ltr'>haeredi·</span> 
     </span>
     <span class='ocr_line' id='line_1_26' title="bbox 170 2277 795 2354; baseline -0.002 -17"><span class='ocrx_word' id='word_1_143' title='bbox 170 2280 222 2337; x_wconf 89' lang='lat' dir='ltr'>tati</span> <span class='ocrx_word' id='word_1_144' title='bbox 254 2278 326 2336; x_wconf 89' lang='lat' dir='ltr'>alius</span> <span class='ocrx_word' id='word_1_145' title='bbox 355 2277 485 2354; x_wconf 83' lang='lat' dir='ltr'>jejunare</span> <span class='ocrx_word' id='word_1_146' title='bbox 517 2277 711 2337; x_wconf 90' lang='lat' dir='ltr'>difficillimum</span> <span class='ocrx_word' id='word_1_147' title='bbox 744 2285 795 2338; x_wconf 91' lang='lat' dir='ltr'>est.</span> 
     </span>
     <span class='ocr_line' id='line_1_27' title="bbox 171 2355 335 2416; baseline -0.006 -3"><span class='ocrx_word' id='word_1_148' title='bbox 171 2355 268 2414; x_wconf 89' lang='lat' dir='ltr'>Burm.</span> <span class='ocrx_word' id='word_1_149' title='bbox 289 2355 335 2416; x_wconf 85' lang='lat' dir='ltr'>ot.</span> 
     </span>
    </p>

    <p class='ocr_par' dir='ltr' id='par_1_5' title="bbox 135 2430 797 2662">
     <span class='ocr_line' id='line_1_28' title="bbox 135 2430 797 2507; baseline -0.002 -17"><span class='ocrx_word' id='word_1_150' title='bbox 135 2431 390 2506; x_wconf 70' lang='lat' dir='ltr'>testei-jutan,</span> <span class='ocrx_word' id='word_1_151' title='bbox 410 2451 452 2507; x_wconf 86' lang='lat' dir='ltr'>cg.</span> <span class='ocrx_word' id='word_1_152' title='bbox 467 2431 553 2489; x_wconf 85' lang='lat' dir='ltr'>iliud.</span> <span class='ocrx_word' id='word_1_153' title='bbox 564 2433 723 2507; x_wconf 66' lang='lat' dir='ltr'>sestelsua,</span> <span class='ocrx_word' id='word_1_154' title='bbox 738 2430 797 2490; x_wconf 86' lang='lat' dir='ltr'>dies</span> 
     </span>
     <span class='ocr_line' id='line_1_29' title="bbox 171 2507 796 2585; baseline 0 -19"><span class='ocrx_word' id='word_1_155' title='bbox 171 2508 270 2567; x_wconf 90' lang='lat' dir='ltr'>ultima</span> <span class='ocrx_word' id='word_1_156' title='bbox 297 2513 362 2566; x_wconf 92' lang='lat' dir='ltr'>ante</span> <span class='ocrx_word' id='word_1_157' title='bbox 382 2508 520 2583; x_wconf 85' lang='lat' dir='ltr'>jejunium</span> <span class='ocrx_word' id='word_1_158' title='bbox 551 2507 796 2585; x_wconf 78' lang='lat' dir='ltr'>quadragesimale.</span> 
     </span>
     <span class='ocr_line' id='line_1_30' title="bbox 172 2584 797 2662; baseline 0 -20"><span class='ocrx_word' id='word_1_159' title='bbox 172 2584 306 2644; x_wconf 84' lang='lat' dir='ltr'>Germani</span> <span class='ocrx_word' id='word_1_160' title='bbox 336 2585 470 2662; x_wconf 90' lang='lat' dir='ltr'>temporis</span> <span class='ocrx_word' id='word_1_161' title='bbox 489 2584 579 2642; x_wconf 89' lang='lat' dir='ltr'>stadia</span> <span class='ocrx_word' id='word_1_162' title='bbox 600 2585 797 2662; x_wconf 89' lang='lat' dir='ltr'>computabant</span> 
     </span>
    </p>
   </div>
   <div class='ocr_carea' id='block_1_5' title="bbox 171 2661 1536 3046">
    <p class='ocr_par' dir='ltr' id='par_1_6' title="bbox 171 2661 1536 3046">
     <span class='ocr_line' id='line_1_31' title="bbox 171 2661 797 2796; baseline 0 -76"><span class='ocrx_word' id='word_1_163' title='bbox 171 2681 222 2796; x_wconf 84' lang='lat' dir='ltr'>per</span> <span class='ocrx_word' id='word_1_164' title='bbox 248 2667 356 2732; x_wconf 89' lang='lat' dir='ltr'>noctes,</span> <span class='ocrx_word' id='word_1_165' title='bbox 388 2679 445 2719; x_wconf 87' lang='lat' dir='ltr'>non</span> <span class='ocrx_word' id='word_1_166' title='bbox 472 2680 523 2738; x_wconf 89' lang='lat' dir='ltr'>per</span> <span class='ocrx_word' id='word_1_167' title='bbox 546 2661 607 2719; x_wconf 92' lang='lat' dir='ltr'>dies</span> <span class='ocrx_word' id='word_1_168' title='bbox 630 2668 662 2719; x_wconf 93' lang='lat' dir='ltr'>ut</span> <span class='ocrx_word' id='word_1_169' title='bbox 685 2662 797 2738; x_wconf 88' lang='lat' dir='ltr'>posteri.</span> 
     </span>
     <span class='ocr_line' id='line_1_32' title="bbox 188 2737 797 2816; baseline 0 -20"><span class='ocrx_word' id='word_1_170' title='bbox 188 2738 276 2816; x_wconf 83' lang='lat' dir='ltr'>ncipit</span> <span class='ocrx_word' id='word_1_171' title='bbox 289 2756 344 2796; x_wconf 82' lang='lat' dir='ltr'>nox</span> <span class='ocrx_word' id='word_1_172' title='bbox 364 2737 455 2814; x_wconf 91' lang='lat' dir='ltr'>prima</span> <span class='ocrx_word' id='word_1_173' title='bbox 476 2756 604 2815; x_wconf 88' lang='lat' dir='ltr'>vespera,</span> <span class='ocrx_word' id='word_1_174' title='bbox 625 2738 731 2796; x_wconf 83' lang='lat' dir='ltr'>exitum</span> <span class='ocrx_word' id='word_1_175' title='bbox 751 2740 797 2796; x_wconf 93' lang='lat' dir='ltr'>ha·</span> 
     </span>
     <span class='ocr_line' id='line_1_33' title="bbox 171 2814 797 2891; baseline 0 -19"><span class='ocrx_word' id='word_1_176' title='bbox 171 2814 218 2873; x_wconf 93' lang='lat' dir='ltr'>het</span> <span class='ocrx_word' id='word_1_177' title='bbox 245 2833 340 2884; x_wconf 89' lang='lat' dir='ltr'>mane;</span> <span class='ocrx_word' id='word_1_178' title='bbox 364 2814 430 2872; x_wconf 90' lang='lat' dir='ltr'>inde</span> <span class='ocrx_word' id='word_1_179' title='bbox 454 2814 592 2891; x_wconf 91' lang='lat' dir='ltr'>estquod</span> <span class='ocrx_word' id='word_1_180' title='bbox 613 2817 712 2889; x_wconf 62' lang='lat' dir='ltr'>Uada,</span> <span class='ocrx_word' id='word_1_181' title='bbox 739 2833 797 2872; x_wconf 90' lang='lat' dir='ltr'>ves·</span> 
     </span>
     <span class='ocr_line' id='line_1_34' title="bbox 171 2890 796 2968; baseline 0 -19"><span class='ocrx_word' id='word_1_182' title='bbox 171 2911 250 2968; x_wconf 87' lang='lat' dir='ltr'>pera,</span> <span class='ocrx_word' id='word_1_183' title='bbox 263 2890 376 2949; x_wconf 89' lang='lat' dir='ltr'>initium</span> <span class='ocrx_word' id='word_1_184' title='bbox 386 2890 442 2950; x_wconf 86' lang='lat' dir='ltr'>diei</span> <span class='ocrx_word' id='word_1_185' title='bbox 452 2892 606 2968; x_wconf 86' lang='lat' dir='ltr'>sequentia)</span> <span class='ocrx_word' id='word_1_186' title='bbox 620 2893 796 2964; x_wconf 69' lang='lat' dir='ltr'>Christ-jures,</span> 
     </span>
     <span class='ocr_line' id='line_1_35' title="bbox 173 2967 1536 3046; baseline 0 -21"><span class='ocrx_word' id='word_1_187' title='bbox 173 2969 350 3045; x_wconf 58' lang='lat' dir='ltr'>Mciycq&#39;uron,</span> <span class='ocrx_word' id='word_1_188' title='bbox 377 2969 557 3040; x_wconf 61' lang='lat' dir='ltr'>Festeljusem</span> <span class='ocrx_word' id='word_1_189' title='bbox 585 2968 699 3026; x_wconf 88' lang='lat' dir='ltr'>notabat</span> <span class='ocrx_word' id='word_1_190' title='bbox 722 2969 796 3026; x_wconf 90' lang='lat' dir='ltr'>diem</span> <span class='ocrx_word' id='word_1_191' title='bbox 833 2967 1076 3042; x_wconf 84' lang='lat' dir='ltr'>iaesteljuuns</span> <span class='ocrx_word' id='word_1_192' title='bbox 1127 2968 1403 3046; x_wconf 72' lang='lat' dir='ltr'>rammi-post,</span> <span class='ocrx_word' id='word_1_193' title='bbox 1453 2984 1495 3042; x_wconf 88' lang='lat' dir='ltr'>cg.</span> <span class='ocrx_word' id='word_1_194' title='bbox 1533 2980 1536 2985; x_wconf 85' lang='grc'><strong><em>·</em></strong></span> 
     </span>
    </p>
   </div>
   <div class='ocr_carea' id='block_1_6' title="bbox 167 3043 798 4811">
    <p class='ocr_par' dir='ltr' id='par_1_7' title="bbox 167 3043 798 4811">
     <span class='ocr_line' id='line_1_36' title="bbox 172 3043 797 3114; baseline 0.003 -13"><span class='ocrx_word' id='word_1_195' title='bbox 172 3045 300 3102; x_wconf 91' lang='lat' dir='ltr'>ultimam</span> <span class='ocrx_word' id='word_1_196' title='bbox 320 3049 384 3101; x_wconf 90' lang='lat' dir='ltr'>ante</span> <span class='ocrx_word' id='word_1_197' title='bbox 401 3044 505 3101; x_wconf 83' lang='lat' dir='ltr'>festum</span> <span class='ocrx_word' id='word_1_198' title='bbox 520 3045 579 3102; x_wconf 92' lang='lat' dir='ltr'>nati</span> <span class='ocrx_word' id='word_1_199' title='bbox 593 3043 711 3114; x_wconf 81' lang='lat' dir='ltr'>Christi3</span> <span class='ocrx_word' id='word_1_200' title='bbox 732 3051 797 3103; x_wconf 91' lang='lat' dir='ltr'>ante</span> 
     </span>
     <span class='ocr_line' id='line_1_37' title="bbox 173 3119 797 3197; baseline 0 -19"><span class='ocrx_word' id='word_1_201' title='bbox 173 3139 297 3178; x_wconf 85' lang='lat' dir='ltr'>mensem</span> <span class='ocrx_word' id='word_1_202' title='bbox 325 3119 404 3195; x_wconf 89' lang='lat' dir='ltr'>maji,</span> <span class='ocrx_word' id='word_1_203' title='bbox 431 3125 494 3177; x_wconf 89' lang='lat' dir='ltr'>ante</span> <span class='ocrx_word' id='word_1_204' title='bbox 517 3119 655 3194; x_wconf 85' lang='lat' dir='ltr'>jejunium</span> <span class='ocrx_word' id='word_1_205' title='bbox 679 3121 797 3197; x_wconf 90' lang='lat' dir='ltr'>quadra·</span> 
     </span>
     <span class='ocr_line' id='line_1_38' title="bbox 173 3195 798 3273; baseline 0.003 -19"><span class='ocrx_word' id='word_1_206' title='bbox 173 3196 320 3272; x_wconf 90' lang='lat' dir='ltr'>gesimale,</span> <span class='ocrx_word' id='word_1_207' title='bbox 340 3195 397 3253; x_wconf 84' lang='lat' dir='ltr'>ild.</span> <span class='ocrx_word' id='word_1_208' title='bbox 419 3214 469 3272; x_wconf 91' lang='lat' dir='ltr'>pro</span> <span class='ocrx_word' id='word_1_209' title='bbox 491 3215 604 3273; x_wconf 85' lang='lat' dir='ltr'>vespera</span> <span class='ocrx_word' id='word_1_210' title='bbox 618 3196 721 3255; x_wconf 90' lang='lat' dir='ltr'>habent</span> <span class='ocrx_word' id='word_1_211' title='bbox 735 3217 798 3256; x_wconf 92' lang='lat' dir='ltr'>noc·</span> 
     </span>
     <span class='ocr_line' id='line_1_39' title="bbox 173 3271 796 3347; baseline 0.003 -16"><span class='ocrx_word' id='word_1_212' title='bbox 173 3279 229 3331; x_wconf 91' lang='lat' dir='ltr'>tem</span> <span class='ocrx_word' id='word_1_213' title='bbox 250 3274 415 3347; x_wconf 83' lang='lat' dir='ltr'>sest-aucdt.</span> <span class='ocrx_word' id='word_1_214' title='bbox 449 3271 634 3331; x_wconf 89' lang='lat' dir='ltr'>Celebrahaut</span> <span class='ocrx_word' id='word_1_215' title='bbox 653 3273 719 3332; x_wconf 92' lang='lat' dir='ltr'>olim</span> <span class='ocrx_word' id='word_1_216' title='bbox 740 3292 796 3333; x_wconf 90' lang='lat' dir='ltr'>om·</span> 
     </span>
     <span class='ocr_line' id='line_1_40' title="bbox 173 3347 795 3420; baseline 0.003 -12"><span class='ocrx_word' id='word_1_217' title='bbox 173 3369 237 3420; x_wconf 86' lang='lat' dir='ltr'>nes,</span> <span class='ocrx_word' id='word_1_218' title='bbox 269 3367 345 3406; x_wconf 90' lang='lat' dir='ltr'>nuuc</span> <span class='ocrx_word' id='word_1_219' title='bbox 374 3347 449 3407; x_wconf 92' lang='lat' dir='ltr'>haud</span> <span class='ocrx_word' id='word_1_220' title='bbox 478 3349 577 3420; x_wconf 89' lang='lat' dir='ltr'>multi,</span> <span class='ocrx_word' id='word_1_221' title='bbox 606 3350 692 3408; x_wconf 90' lang='lat' dir='ltr'>istum</span> <span class='ocrx_word' id='word_1_222' title='bbox 722 3351 795 3410; x_wconf 87' lang='lat' dir='ltr'>diem</span> 
     </span>
     <span class='ocr_line' id='line_1_41' title="bbox 172 3425 797 3504; baseline 0.003 -19"><span class='ocrx_word' id='word_1_223' title='bbox 172 3426 316 3485; x_wconf 87' lang='lat' dir='ltr'>hilaribus.</span> <span class='ocrx_word' id='word_1_224' title='bbox 347 3425 494 3503; x_wconf 89' lang='lat' dir='ltr'>Praecipue</span> <span class='ocrx_word' id='word_1_225' title='bbox 513 3427 595 3503; x_wconf 85' lang='lat' dir='ltr'>genio</span> <span class='ocrx_word' id='word_1_226' title='bbox 612 3426 797 3504; x_wconf 83' lang='lat' dir='ltr'>indulgebant</span> 
     </span>
     <span class='ocr_line' id='line_1_42' title="bbox 174 3502 796 3580; baseline 0.002 -17"><span class='ocrx_word' id='word_1_227' title='bbox 174 3502 311 3580; x_wconf 89' lang='lat' dir='ltr'>potando,</span> <span class='ocrx_word' id='word_1_228' title='bbox 343 3502 451 3561; x_wconf 90' lang='lat' dir='ltr'>edendo</span> <span class='ocrx_word' id='word_1_229' title='bbox 477 3509 505 3561; x_wconf 93' lang='lat' dir='ltr'>et</span> <span class='ocrx_word' id='word_1_230' title='bbox 530 3503 636 3564; x_wconf 91' lang='lat' dir='ltr'>mutuis</span> <span class='ocrx_word' id='word_1_231' title='bbox 663 3524 796 3564; x_wconf 86' lang='lat' dir='ltr'>comesse·</span> 
     </span>
     <span class='ocr_line' id='line_1_43' title="bbox 173 3578 796 3657; baseline 0.006 -20"><span class='ocrx_word' id='word_1_232' title='bbox 173 3579 311 3650; x_wconf 78' lang='lat' dir='ltr'>tionibus3</span> <span class='ocrx_word' id='word_1_233' title='bbox 338 3578 406 3657; x_wconf 92' lang='lat' dir='ltr'>quid</span> <span class='ocrx_word' id='word_1_234' title='bbox 433 3579 519 3656; x_wconf 82' lang='lat' dir='ltr'>Angli</span> <span class='ocrx_word' id='word_1_235' title='bbox 544 3580 597 3639; x_wconf 91' lang='lat' dir='ltr'>hoc</span> <span class='ocrx_word' id='word_1_236' title='bbox 617 3583 688 3640; x_wconf 86' lang='lat' dir='ltr'>festo</span> <span class='ocrx_word' id='word_1_237' title='bbox 709 3601 796 3641; x_wconf 91' lang='lat' dir='ltr'>come·</span> 
     </span>
     <span class='ocr_line' id='line_1_44' title="bbox 173 3655 796 3733; baseline 0.006 -19"><span class='ocrx_word' id='word_1_238' title='bbox 173 3655 277 3715; x_wconf 90' lang='lat' dir='ltr'>debant</span> <span class='ocrx_word' id='word_1_239' title='bbox 302 3660 330 3715; x_wconf 93' lang='lat' dir='ltr'>et</span> <span class='ocrx_word' id='word_1_240' title='bbox 355 3656 564 3733; x_wconf 80' lang='lat' dir='ltr'>ingurgitabant</span> <span class='ocrx_word' id='word_1_241' title='bbox 591 3658 653 3716; x_wconf 89' lang='lat' dir='ltr'>ride</span> <span class='ocrx_word' id='word_1_242' title='bbox 679 3659 708 3716; x_wconf 91' lang='lat' dir='ltr'>in</span> <span class='ocrx_word' id='word_1_243' title='bbox 729 3677 796 3718; x_wconf 83' lang='lat' dir='ltr'>voce</span> 
     </span>
     <span class='ocr_line' id='line_1_45' title="bbox 172 3732 797 3810; baseline 0.005 -19"><span class='ocrx_word' id='word_1_244' title='bbox 172 3733 330 3792; x_wconf 79' lang='lat' dir='ltr'>strove-tide</span> <span class='ocrx_word' id='word_1_245' title='bbox 361 3732 437 3810; x_wconf 90' lang='lat' dir='ltr'>apud</span> <span class='ocrx_word' id='word_1_246' title='bbox 470 3733 670 3792; x_wconf 86' lang='lat' dir='ltr'>Helliwellum.</span> <span class='ocrx_word' id='word_1_247' title='bbox 720 3736 797 3794; x_wconf 88' lang='lat' dir='ltr'>Inter</span> 
     </span>
     <span class='ocr_line' id='line_1_46' title="bbox 174 3808 796 3887; baseline 0.003 -19"><span class='ocrx_word' id='word_1_248' title='bbox 174 3809 260 3879; x_wconf 91' lang='lat' dir='ltr'>cibos,</span> <span class='ocrx_word' id='word_1_249' title='bbox 274 3808 377 3887; x_wconf 88' lang='lat' dir='ltr'>quibus</span> <span class='ocrx_word' id='word_1_250' title='bbox 391 3814 492 3866; x_wconf 87' lang='lat' dir='ltr'>matres</span> <span class='ocrx_word' id='word_1_251' title='bbox 503 3809 616 3867; x_wconf 71' lang='lat' dir='ltr'>familiar</span> <span class='ocrx_word' id='word_1_252' title='bbox 627 3811 796 3870; x_wconf 81' lang='lat' dir='ltr'>famulitium</span> 
     </span>
     <span class='ocr_line' id='line_1_47' title="bbox 172 3884 796 3964; baseline 0.003 -19"><span class='ocrx_word' id='word_1_253' title='bbox 172 3895 200 3944; x_wconf 90' lang='lat' dir='ltr'>ct</span> <span class='ocrx_word' id='word_1_254' title='bbox 220 3887 323 3945; x_wconf 90' lang='lat' dir='ltr'>liberos</span> <span class='ocrx_word' id='word_1_255' title='bbox 343 3884 534 3953; x_wconf 89' lang='lat' dir='ltr'>delectabant,</span> <span class='ocrx_word' id='word_1_256' title='bbox 560 3887 736 3964; x_wconf 72' lang='lat' dir='ltr'>praecipuum</span> <span class='ocrx_word' id='word_1_257' title='bbox 756 3889 796 3948; x_wconf 92' lang='lat' dir='ltr'>lo·</span> 
     </span>
     <span class='ocr_line' id='line_1_48' title="bbox 173 3961 797 4040; baseline 0 -17"><span class='ocrx_word' id='word_1_258' title='bbox 173 3983 238 4024; x_wconf 89' lang='lat' dir='ltr'>cum</span> <span class='ocrx_word' id='word_1_259' title='bbox 264 3961 396 4021; x_wconf 91' lang='lat' dir='ltr'>teuebaut</span> <span class='ocrx_word' id='word_1_260' title='bbox 427 3961 541 4038; x_wconf 88' lang='lat' dir='ltr'>lagana,</span> <span class='ocrx_word' id='word_1_261' title='bbox 575 3982 638 4040; x_wconf 77' lang='lat' dir='ltr'>quac</span> <span class='ocrx_word' id='word_1_262' title='bbox 669 3966 797 4025; x_wconf 88' lang='lat' dir='ltr'>materf-</span> 
     </span>
     <span class='ocr_line' id='line_1_49' title="bbox 172 4037 796 4118; baseline 0.002 -18"><span class='ocrx_word' id='word_1_263' title='bbox 172 4041 265 4100; x_wconf 87' lang='lat' dir='ltr'>milias</span> <span class='ocrx_word' id='word_1_264' title='bbox 297 4039 357 4117; x_wconf 89' lang='lat' dir='ltr'>ipsa</span> <span class='ocrx_word' id='word_1_265' title='bbox 387 4037 417 4097; x_wconf 94' lang='lat' dir='ltr'>iu</span> <span class='ocrx_word' id='word_1_266' title='bbox 447 4040 509 4097; x_wconf 86' lang='lat' dir='ltr'>ioco</span> <span class='ocrx_word' id='word_1_267' title='bbox 540 4041 685 4118; x_wconf 90' lang='lat' dir='ltr'>coquebat.</span> <span class='ocrx_word' id='word_1_268' title='bbox 727 4042 796 4102; x_wconf 82' lang='lat' dir='ltr'>Haec</span> 
     </span>
     <span class='ocr_line' id='line_1_50' title="bbox 172 4115 796 4195; baseline 0.005 -19"><span class='ocrx_word' id='word_1_269' title='bbox 172 4119 278 4195; x_wconf 73' lang='lat' dir='ltr'>Augu.</span> <span class='ocrx_word' id='word_1_270' title='bbox 298 4115 436 4175; x_wconf 85' lang='lat' dir='ltr'>vocabant</span> <span class='ocrx_word' id='word_1_271' title='bbox 467 4117 658 4189; x_wconf 78' lang='lat' dir='ltr'>atroce-cades,</span> <span class='ocrx_word' id='word_1_272' title='bbox 689 4120 796 4190; x_wconf 88' lang='lat' dir='ltr'>„small</span> 
     </span>
     <span class='ocr_line' id='line_1_51' title="bbox 173 4193 795 4283; baseline 0.003 -30"><span class='ocrx_word' id='word_1_273' title='bbox 173 4195 255 4254; x_wconf 77' lang='lat' dir='ltr'>calces</span> <span class='ocrx_word' id='word_1_274' title='bbox 280 4193 361 4253; x_wconf 88' lang='lat' dir='ltr'>made</span> <span class='ocrx_word' id='word_1_275' title='bbox 385 4199 414 4251; x_wconf 89' lang='lat' dir='ltr'>to</span> <span class='ocrx_word' id='word_1_276' title='bbox 434 4193 498 4283; x_wconf 81' lang='lat' dir='ltr'>gire</span> <span class='ocrx_word' id='word_1_277' title='bbox 517 4193 641 4254; x_wconf 80' lang='lat' dir='ltr'>children</span> <span class='ocrx_word' id='word_1_278' title='bbox 662 4214 698 4254; x_wconf 91' lang='lat' dir='ltr'>ou</span> <span class='ocrx_word' id='word_1_279' title='bbox 719 4197 795 4256; x_wconf 92' lang='lat' dir='ltr'>shro·</span> 
     </span>
     <span class='ocr_line' id='line_1_52' title="bbox 173 4269 795 4350; baseline 0 -19"><span class='ocrx_word' id='word_1_280' title='bbox 173 4270 294 4342; x_wconf 88' lang='lat' dir='ltr'>vetide,’&#39;</span> <span class='ocrx_word' id='word_1_281' title='bbox 313 4270 362 4328; x_wconf 91' lang='lat' dir='ltr'>sed</span> <span class='ocrx_word' id='word_1_282' title='bbox 376 4269 461 4328; x_wconf 81' lang='lat' dir='ltr'>hodic</span> <span class='ocrx_word' id='word_1_283' title='bbox 471 4273 618 4346; x_wconf 73' lang='lat' dir='ltr'>porrectae,</span> <span class='ocrx_word' id='word_1_284' title='bbox 638 4278 669 4330; x_wconf 93' lang='lat' dir='ltr'>ut</span> <span class='ocrx_word' id='word_1_285' title='bbox 682 4273 714 4331; x_wconf 63' lang='lat'>1⁴³.</span> <span class='ocrx_word' id='word_1_286' title='bbox 724 4273 795 4350; x_wconf 75' lang='lat' dir='ltr'>ptia-</span> 
     </span>
     <span class='ocr_line' id='line_1_53' title="bbox 173 4346 797 4426; baseline 0.005 -20"><span class='ocrx_word' id='word_1_287' title='bbox 173 4350 278 4407; x_wconf 79' lang='lat' dir='ltr'>tceken.</span> <span class='ocrx_word' id='word_1_288' title='bbox 299 4346 370 4406; x_wconf 90' lang='lat' dir='ltr'>Inde</span> <span class='ocrx_word' id='word_1_289' title='bbox 392 4346 499 4424; x_wconf 86' lang='lat' dir='ltr'>phrasis</span> <span class='ocrx_word' id='word_1_290' title='bbox 520 4347 550 4406; x_wconf 74' lang='lat' dir='ltr'>F.</span> <span class='ocrx_word' id='word_1_291' title='bbox 569 4351 597 4407; x_wconf 91' lang='lat' dir='ltr'>It</span> <span class='ocrx_word' id='word_1_292' title='bbox 615 4352 762 4426; x_wconf 67' lang='lat' dir='ltr'>afflictat</span> <span class='ocrx_word' id='word_1_293' title='bbox 774 4351 797 4409; x_wconf 79' lang='lat' dir='ltr'>a</span> 
     </span>
     <span class='ocr_line' id='line_1_54' title="bbox 171 4424 796 4501; baseline 0.002 -17"><span class='ocrx_word' id='word_1_294' title='bbox 171 4445 203 4484; x_wconf 89' lang='lat' dir='ltr'>sa</span> <span class='ocrx_word' id='word_1_295' title='bbox 222 4425 289 4483; x_wconf 84' lang='lat' dir='ltr'>drok</span> <span class='ocrx_word' id='word_1_296' title='bbox 309 4444 340 4483; x_wconf 81' lang='lat' dir='ltr'>os</span> <span class='ocrx_word' id='word_1_297' title='bbox 358 4424 388 4481; x_wconf 79' lang='lat' dir='ltr'>di</span> <span class='ocrx_word' id='word_1_298' title='bbox 401 4445 492 4500; x_wconf 83' lang='lat' dir='ltr'>ponne</span> <span class='ocrx_word' id='word_1_299' title='bbox 511 4428 716 4501; x_wconf 65' lang='lat' dir='ltr'>opsestelr&#39;arca,</span> <span class='ocrx_word' id='word_1_300' title='bbox 737 4444 796 4485; x_wconf 92' lang='lat' dir='ltr'>mu·</span> 
     </span>
     <span class='ocr_line' id='line_1_55' title="bbox 174 4500 796 4580; baseline 0.003 -20"><span class='ocrx_word' id='word_1_301' title='bbox 174 4502 289 4561; x_wconf 85' lang='lat' dir='ltr'>liercula</span> <span class='ocrx_word' id='word_1_302' title='bbox 314 4520 344 4559; x_wconf 92' lang='lat' dir='ltr'>sc</span> <span class='ocrx_word' id='word_1_303' title='bbox 370 4500 513 4578; x_wconf 86' lang='lat' dir='ltr'>distringit</span> <span class='ocrx_word' id='word_1_304' title='bbox 538 4511 570 4560; x_wconf 92' lang='lat' dir='ltr'>ut</span> <span class='ocrx_word' id='word_1_305' title='bbox 591 4507 660 4562; x_wconf 88' lang='lat' dir='ltr'>testa</span> <span class='ocrx_word' id='word_1_306' title='bbox 681 4503 796 4580; x_wconf 90' lang='lat' dir='ltr'>pistoria</span> 
     </span>
     <span class='ocr_line' id='line_1_56' title="bbox 173 4577 795 4656; baseline 0 -19"><span class='ocrx_word' id='word_1_307' title='bbox 173 4578 203 4637; x_wconf 92' lang='lat' dir='ltr'>iu</span> <span class='ocrx_word' id='word_1_308' title='bbox 230 4577 329 4655; x_wconf 87' lang='lat' dir='ltr'>jejunii</span> <span class='ocrx_word' id='word_1_309' title='bbox 358 4577 501 4637; x_wconf 89' lang='lat' dir='ltr'>hilaribus.</span> <span class='ocrx_word' id='word_1_310' title='bbox 542 4579 607 4637; x_wconf 72' lang='lat' dir='ltr'>nv.</span> <span class='ocrx_word' id='word_1_311' title='bbox 627 4579 795 4656; x_wconf 78' lang='lat' dir='ltr'>festo-tund,</span> 
     </span>
     <span class='ocr_line' id='line_1_57' title="bbox 167 4654 796 4730; baseline 0.002 -17"><span class='ocrx_word' id='word_1_312' title='bbox 167 4654 359 4730; x_wconf 74' lang='lat' dir='ltr'>sedet-coenat,</span> <span class='ocrx_word' id='word_1_313' title='bbox 378 4655 424 4714; x_wconf 83' lang='lat' dir='ltr'>Nl.</span> <span class='ocrx_word' id='word_1_314' title='bbox 444 4655 618 4714; x_wconf 83' lang='lat' dir='ltr'>oostelacond.</span> <span class='ocrx_word' id='word_1_315' title='bbox 642 4655 796 4715; x_wconf 85' lang='lat' dir='ltr'>Saterlandi</span> 
     </span>
     <span class='ocr_line' id='line_1_58' title="bbox 176 4732 794 4811; baseline 0.002 -23"><span class='ocrx_word' id='word_1_316' title='bbox 176 4749 227 4808; x_wconf 93' lang='lat' dir='ltr'>pro</span> <span class='ocrx_word' id='word_1_317' title='bbox 253 4733 332 4804; x_wconf 73' lang='lat' dir='ltr'>suae,</span> <span class='ocrx_word' id='word_1_318' title='bbox 350 4735 442 4806; x_wconf 74' lang='lat' dir='ltr'>jasa,</span> <span class='ocrx_word' id='word_1_319' title='bbox 468 4749 599 4811; x_wconf 79' lang='lat' dir='ltr'>uespera,</span> <span class='ocrx_word' id='word_1_320' title='bbox 619 4733 722 4792; x_wconf 90' lang='lat' dir='ltr'>habent</span> <span class='ocrx_word' id='word_1_321' title='bbox 740 4732 794 4805; x_wconf 82' lang='lat' dir='ltr'>dei,</span> 
     </span>
    </p>
   </div>
   <div class='ocr_carea' id='block_1_7' title="bbox 1441 214 1500 270">
    <p class='ocr_par' dir='ltr' id='par_1_8' title="bbox 1441 214 1500 270">
     <span class='ocr_line' id='line_1_59' title="bbox 1441 214 1500 270; baseline 0 -1"><span class='ocrx_word' id='word_1_322' title='bbox 1441 214 1500 270; x_wconf 77' lang='lat'>964</span> 
     </span>
    </p>
   </div>
   <div class='ocr_carea' id='block_1_8' title="bbox 866 363 1501 2962">
    <p class='ocr_par' dir='ltr' id='par_1_9' title="bbox 866 363 1501 958">
     <span class='ocr_line' id='line_1_60' title="bbox 1092 363 1243 421; baseline 0.013 -2"><span class='ocrx_word' id='word_1_323' title='bbox 1092 363 1243 421; x_wconf 83' lang='lat' dir='ltr'>FAESTJll.</span> 
     </span>
     <span class='ocr_line' id='line_1_61' title="bbox 875 439 1500 517; baseline 0.005 -21"><span class='ocrx_word' id='word_1_324' title='bbox 875 439 947 507; x_wconf 82' lang='lat' dir='ltr'>dica,</span> <span class='ocrx_word' id='word_1_325' title='bbox 960 439 1114 514; x_wconf 78' lang='lat' dir='ltr'>scatet-dci,</span> <span class='ocrx_word' id='word_1_326' title='bbox 1134 439 1151 496; x_wconf 93' lang='lat' dir='ltr'>i.</span> <span class='ocrx_word' id='word_1_327' title='bbox 1173 458 1195 497; x_wconf 90' lang='lat' dir='ltr'>c.</span> <span class='ocrx_word' id='word_1_328' title='bbox 1216 439 1307 517; x_wconf 90' lang='lat' dir='ltr'>prima</span> <span class='ocrx_word' id='word_1_329' title='bbox 1327 440 1386 499; x_wconf 90' lang='lat' dir='ltr'>dies</span> <span class='ocrx_word' id='word_1_330' title='bbox 1396 440 1500 516; x_wconf 86' lang='lat' dir='ltr'>jejunii</span> 
     </span>
     <span class='ocr_line' id='line_1_62' title="bbox 873 514 1500 594; baseline 0.002 -21"><span class='ocrx_word' id='word_1_331' title='bbox 873 515 1011 592; x_wconf 88' lang='lat' dir='ltr'>incipiens</span> <span class='ocrx_word' id='word_1_332' title='bbox 1044 514 1225 574; x_wconf 85' lang='lat' dir='ltr'>antecedente</span> <span class='ocrx_word' id='word_1_333' title='bbox 1258 535 1382 594; x_wconf 78' lang='lat' dir='ltr'>vespera.</span> <span class='ocrx_word' id='word_1_334' title='bbox 1426 520 1500 592; x_wconf 88' lang='lat' dir='ltr'>Ang.</span> 
     </span>
     <span class='ocr_line' id='line_1_63' title="bbox 874 592 1499 671; baseline 0.002 -21"><span class='ocrx_word' id='word_1_335' title='bbox 874 592 965 650; x_wconf 82' lang='lat' dir='ltr'>honr.</span> <span class='ocrx_word' id='word_1_336' title='bbox 999 599 1032 650; x_wconf 91' lang='lat' dir='ltr'>ut</span> <span class='ocrx_word' id='word_1_337' title='bbox 1064 611 1115 651; x_wconf 93' lang='lat' dir='ltr'>nos</span> <span class='ocrx_word' id='word_1_338' title='bbox 1137 595 1384 671; x_wconf 72' lang='lat' dir='ltr'>fasterpnps-eoya,</span> <span class='ocrx_word' id='word_1_339' title='bbox 1414 593 1499 652; x_wconf 90' lang='lat' dir='ltr'>hodie</span> 
     </span>
     <span class='ocr_line' id='line_1_64' title="bbox 874 668 1501 744; baseline 0.002 -18"><span class='ocrx_word' id='word_1_340' title='bbox 874 670 945 744; x_wconf 82' lang='lat' dir='ltr'>Ang.</span> <span class='ocrx_word' id='word_1_341' title='bbox 960 668 1059 727; x_wconf 92' lang='lat' dir='ltr'>North.</span> <span class='ocrx_word' id='word_1_342' title='bbox 1079 672 1276 744; x_wconf 74' lang='lat' dir='ltr'>faetere-ecca,</span> <span class='ocrx_word' id='word_1_343' title='bbox 1298 671 1386 741; x_wconf 83' lang='lat' dir='ltr'>„And</span> <span class='ocrx_word' id='word_1_344' title='bbox 1403 690 1436 728; x_wconf 85' lang='lat' dir='ltr'>on</span> <span class='ocrx_word' id='word_1_345' title='bbox 1457 671 1501 727; x_wconf 79' lang='lat' dir='ltr'>tte</span> 
     </span>
     <span class='ocr_line' id='line_1_65' title="bbox 866 747 1500 823; baseline 0 -20"><span class='ocrx_word' id='word_1_346' title='bbox 866 747 1035 822; x_wconf 72' lang='lat' dir='ltr'>sastsrynpis</span> <span class='ocrx_word' id='word_1_347' title='bbox 1063 765 1135 821; x_wconf 73' lang='lat' dir='ltr'>sarpa</span> <span class='ocrx_word' id='word_1_348' title='bbox 1164 747 1253 823; x_wconf 76' lang='lat' dir='ltr'>rpcdt,</span> <span class='ocrx_word' id='word_1_349' title='bbox 1280 750 1314 805; x_wconf 85' lang='lat' dir='ltr'>In</span> <span class='ocrx_word' id='word_1_350' title='bbox 1341 748 1383 805; x_wconf 77' lang='lat' dir='ltr'>tae</span> <span class='ocrx_word' id='word_1_351' title='bbox 1408 748 1500 822; x_wconf 71' lang='lat' dir='ltr'>deppa-</span> 
     </span>
     <span class='ocr_line' id='line_1_66' title="bbox 873 823 1500 957; baseline 0.002 -78"><span class='ocrx_word' id='word_1_352' title='bbox 873 824 936 956; x_wconf 58' lang='lat' dir='ltr'>pirpp</span> <span class='ocrx_word' id='word_1_353' title='bbox 947 824 1005 957; x_wconf 51' lang='lat' dir='ltr'>‘pff</span> <span class='ocrx_word' id='word_1_354' title='bbox 1029 823 1072 880; x_wconf 85' lang='lat' dir='ltr'>tle</span> <span class='ocrx_word' id='word_1_355' title='bbox 1093 823 1187 957; x_wconf 49' lang='lat' dir='ltr'>npcdlp,</span> <span class='ocrx_word' id='word_1_356' title='bbox 1211 824 1249 881; x_wconf 74' lang='lat' dir='ltr'>To</span> <span class='ocrx_word' id='word_1_357' title='bbox 1268 825 1311 881; x_wconf 84' lang='lat' dir='ltr'>tle</span> <span class='ocrx_word' id='word_1_358' title='bbox 1330 824 1422 882; x_wconf 80' lang='lat' dir='ltr'>castell</span> <span class='ocrx_word' id='word_1_359' title='bbox 1440 823 1500 881; x_wconf 80' lang='lat' dir='ltr'>dat</span> 
     </span>
     <span class='ocr_line' id='line_1_67' title="bbox 886 918 1249 958; baseline 0.003 -1"><span class='ocrx_word' id='word_1_360' title='bbox 886 921 901 957; x_wconf 85' lang='lat' dir='ltr'><em>u</em></span> <span class='ocrx_word' id='word_1_361' title='bbox 976 919 1019 956; x_wconf 74' lang='lat' dir='ltr'>arr</span> <span class='ocrx_word' id='word_1_362' title='bbox 1045 919 1110 958; x_wconf 84' lang='lat' dir='ltr'>wo.</span> <span class='ocrx_word' id='word_1_363' title='bbox 1174 918 1249 958; x_wconf 89' lang='lat' dir='ltr'>ruce.</span> 
     </span>
    </p>

    <p class='ocr_par' dir='ltr' id='par_1_10' title="bbox 868 919 1499 2962">
     <span class='ocr_line' id='line_1_68' title="bbox 911 919 1499 1053; baseline 0.003 -19"><span class='ocrx_word' id='word_1_364' title='bbox 911 976 942 1034; x_wconf 89' lang='lat' dir='ltr'>F.</span> <span class='ocrx_word' id='word_1_365' title='bbox 957 919 1118 1050; x_wconf 71' lang='lat' dir='ltr'>Faesteljasds</span> <span class='ocrx_word' id='word_1_366' title='bbox 1138 976 1218 1034; x_wconf 75' lang='lat' dir='ltr'>tdlde</span> <span class='ocrx_word' id='word_1_367' title='bbox 1236 996 1317 1053; x_wconf 89' lang='lat' dir='ltr'>agere</span> <span class='ocrx_word' id='word_1_368' title='bbox 1337 977 1420 1036; x_wconf 83' lang='lat' dir='ltr'>ferias</span> <span class='ocrx_word' id='word_1_369' title='bbox 1434 995 1499 1036; x_wconf 88' lang='lat' dir='ltr'>esu·</span> 
     </span>
     <span class='ocr_line' id='line_1_69' title="bbox 875 1052 1485 1128; baseline 0.002 -18"><span class='ocrx_word' id='word_1_370' title='bbox 875 1052 970 1122; x_wconf 88' lang='lat' dir='ltr'>riales,</span> <span class='ocrx_word' id='word_1_371' title='bbox 1000 1053 1073 1128; x_wconf 81' lang='lat' dir='ltr'>Ang.</span> <span class='ocrx_word' id='word_1_372' title='bbox 1094 1056 1120 1110; x_wconf 92' lang='lat' dir='ltr'>to</span> <span class='ocrx_word' id='word_1_373' title='bbox 1139 1052 1203 1110; x_wconf 81' lang='lat' dir='ltr'>told</span> <span class='ocrx_word' id='word_1_374' title='bbox 1220 1053 1379 1124; x_wconf 80' lang='lat' dir='ltr'>atrocetr&#39;de,</span> <span class='ocrx_word' id='word_1_375' title='bbox 1399 1054 1485 1112; x_wconf 92' lang='lat' dir='ltr'>idem.</span> 
     </span>
     <span class='ocr_line' id='line_1_70' title="bbox 889 1130 1499 1207; baseline 0 -21"><span class='ocrx_word' id='word_1_376' title='bbox 889 1130 934 1186; x_wconf 82' lang='lat' dir='ltr'>Tis</span> <span class='ocrx_word' id='word_1_377' title='bbox 953 1148 1040 1206; x_wconf 76' lang='lat' dir='ltr'>rnerrp</span> <span class='ocrx_word' id='word_1_378' title='bbox 1054 1130 1083 1186; x_wconf 84' lang='lat' dir='ltr'>in</span> <span class='ocrx_word' id='word_1_379' title='bbox 1095 1130 1165 1198; x_wconf 79' lang='lat' dir='ltr'>dall,</span> <span class='ocrx_word' id='word_1_380' title='bbox 1186 1131 1258 1187; x_wconf 79' lang='lat' dir='ltr'>wien</span> <span class='ocrx_word' id='word_1_381' title='bbox 1271 1130 1364 1188; x_wconf 83' lang='lat' dir='ltr'>decrds</span> <span class='ocrx_word' id='word_1_382' title='bbox 1376 1151 1434 1207; x_wconf 75' lang='lat' dir='ltr'>resp</span> <span class='ocrx_word' id='word_1_383' title='bbox 1447 1131 1499 1200; x_wconf 82' lang='lat' dir='ltr'>au,</span> 
     </span>
     <span class='ocr_line' id='line_1_71' title="bbox 885 1205 1498 1282; baseline 0.002 -19"><span class='ocrx_word' id='word_1_384' title='bbox 885 1205 951 1264; x_wconf 84' lang='lat' dir='ltr'>And</span> <span class='ocrx_word' id='word_1_385' title='bbox 969 1206 1087 1264; x_wconf 79' lang='lat' dir='ltr'>celcame</span> <span class='ocrx_word' id='word_1_386' title='bbox 1105 1224 1192 1282; x_wconf 78' lang='lat' dir='ltr'>rncrry</span> <span class='ocrx_word' id='word_1_387' title='bbox 1211 1206 1364 1266; x_wconf 81' lang='lat' dir='ltr'>edroaetide.</span> <span class='ocrx_word' id='word_1_388' title='bbox 1413 1206 1498 1264; x_wconf 88' lang='lat' dir='ltr'>Shak.</span> 
     </span>
     <span class='ocr_line' id='line_1_72' title="bbox 872 1283 1499 1357; baseline 0.002 -17"><span class='ocrx_word' id='word_1_389' title='bbox 872 1283 918 1340; x_wconf 93' lang='lat' dir='ltr'>Nl.</span> <span class='ocrx_word' id='word_1_390' title='bbox 938 1284 1057 1357; x_wconf 83' lang='lat' dir='ltr'>scdroes,</span> <span class='ocrx_word' id='word_1_391' title='bbox 1084 1283 1210 1352; x_wconf 87' lang='lat' dir='ltr'>cochlea;</span> <span class='ocrx_word' id='word_1_392' title='bbox 1235 1284 1385 1354; x_wconf 79' lang='lat' dir='ltr'>schroecen,</span> <span class='ocrx_word' id='word_1_393' title='bbox 1408 1284 1499 1341; x_wconf 87' lang='lat' dir='ltr'>troch-</span> 
     </span>
     <span class='ocr_line' id='line_1_73' title="bbox 873 1358 1499 1435; baseline 0.005 -20"><span class='ocrx_word' id='word_1_394' title='bbox 873 1358 944 1417; x_wconf 89' lang='lat' dir='ltr'>leam</span> <span class='ocrx_word' id='word_1_395' title='bbox 960 1366 1082 1426; x_wconf 82' lang='lat' dir='ltr'>uertere,</span> <span class='ocrx_word' id='word_1_396' title='bbox 1103 1359 1215 1417; x_wconf 90' lang='lat' dir='ltr'>cochlea</span> <span class='ocrx_word' id='word_1_397' title='bbox 1229 1359 1353 1435; x_wconf 89' lang='lat' dir='ltr'>adigere,</span> <span class='ocrx_word' id='word_1_398' title='bbox 1373 1361 1445 1418; x_wconf 89' lang='lat' dir='ltr'>inire</span> <span class='ocrx_word' id='word_1_399' title='bbox 1459 1361 1499 1418; x_wconf 85' lang='lat' dir='ltr'>lc·</span> 
     </span>
     <span class='ocr_line' id='line_1_74' title="bbox 872 1434 1497 1514; baseline 0.002 -22"><span class='ocrx_word' id='word_1_400' title='bbox 872 1435 986 1504; x_wconf 90' lang='lat' dir='ltr'>minam,</span> <span class='ocrx_word' id='word_1_401' title='bbox 1008 1434 1183 1512; x_wconf 79' lang='lat' dir='ltr'>praelicenter</span> <span class='ocrx_word' id='word_1_402' title='bbox 1195 1436 1315 1512; x_wconf 87' lang='lat' dir='ltr'>grassari</span> <span class='ocrx_word' id='word_1_403' title='bbox 1329 1443 1357 1494; x_wconf 92' lang='lat' dir='ltr'>et</span> <span class='ocrx_word' id='word_1_404' title='bbox 1370 1435 1497 1514; x_wconf 89' lang='lat' dir='ltr'>petulan-</span> 
     </span>
     <span class='ocr_line' id='line_1_75' title="bbox 872 1510 1495 1588; baseline -0.002 -18"><span class='ocrx_word' id='word_1_405' title='bbox 872 1513 909 1570; x_wconf 90' lang='lat' dir='ltr'>tia</span> <span class='ocrx_word' id='word_1_406' title='bbox 935 1510 1182 1570; x_wconf 89' lang='lat' dir='ltr'>commessabunda</span> <span class='ocrx_word' id='word_1_407' title='bbox 1211 1512 1262 1571; x_wconf 92' lang='lat' dir='ltr'>hac</span> <span class='ocrx_word' id='word_1_408' title='bbox 1290 1512 1357 1570; x_wconf 89' lang='lat' dir='ltr'>illac</span> <span class='ocrx_word' id='word_1_409' title='bbox 1388 1513 1495 1588; x_wconf 88' lang='lat' dir='ltr'>vagari;</span> 
     </span>
     <span class='ocr_line' id='line_1_76' title="bbox 868 1588 1497 1665; baseline 0.003 -19"><span class='ocrx_word' id='word_1_410' title='bbox 868 1589 972 1665; x_wconf 87' lang='lat' dir='ltr'>jactare</span> <span class='ocrx_word' id='word_1_411' title='bbox 995 1608 1040 1658; x_wconf 88' lang='lat' dir='ltr'>se,</span> <span class='ocrx_word' id='word_1_412' title='bbox 1068 1589 1194 1665; x_wconf 84' lang='lat' dir='ltr'>gloriari,</span> <span class='ocrx_word' id='word_1_413' title='bbox 1223 1595 1361 1648; x_wconf 86' lang='lat' dir='ltr'>ostentare</span> <span class='ocrx_word' id='word_1_414' title='bbox 1380 1609 1418 1648; x_wconf 89' lang='lat' dir='ltr'>se.</span> <span class='ocrx_word' id='word_1_415' title='bbox 1438 1588 1497 1648; x_wconf 89' lang='lat' dir='ltr'>Kil.</span> 
     </span>
     <span class='ocr_line' id='line_1_77' title="bbox 870 1664 1496 1743; baseline 0 -20"><span class='ocrx_word' id='word_1_416' title='bbox 870 1667 1016 1743; x_wconf 74' lang='lat' dir='ltr'>Scdropue,</span> <span class='ocrx_word' id='word_1_417' title='bbox 1031 1664 1156 1735; x_wconf 87' lang='lat' dir='ltr'>Zelandi,</span> <span class='ocrx_word' id='word_1_418' title='bbox 1170 1684 1274 1724; x_wconf 87' lang='lat' dir='ltr'>scurra.</span> <span class='ocrx_word' id='word_1_419' title='bbox 1289 1665 1345 1724; x_wconf 89' lang='lat' dir='ltr'>Kil.</span> <span class='ocrx_word' id='word_1_420' title='bbox 1359 1666 1457 1742; x_wconf 73' lang='lat' dir='ltr'>Augn.</span> <span class='ocrx_word' id='word_1_421' title='bbox 1469 1669 1496 1723; x_wconf 90' lang='lat' dir='ltr'>to</span> 
     </span>
     <span class='ocr_line' id='line_1_78' title="bbox 870 1741 1497 1812; baseline -0.002 -12"><span class='ocrx_word' id='word_1_422' title='bbox 870 1743 971 1812; x_wconf 80' lang='lat' dir='ltr'>strove,</span> <span class='ocrx_word' id='word_1_423' title='bbox 988 1742 1084 1800; x_wconf 91' lang='lat' dir='ltr'>hilaris</span> <span class='ocrx_word' id='word_1_424' title='bbox 1099 1761 1171 1810; x_wconf 86' lang='lat' dir='ltr'>esse,</span> <span class='ocrx_word' id='word_1_425' title='bbox 1190 1741 1287 1801; x_wconf 89' lang='lat' dir='ltr'>laetari.</span> <span class='ocrx_word' id='word_1_426' title='bbox 1308 1742 1381 1801; x_wconf 84' lang='lat' dir='ltr'>Vide</span> <span class='ocrx_word' id='word_1_427' title='bbox 1393 1743 1497 1800; x_wconf 82' lang='lat' dir='ltr'>strecs·</span> 
     </span>
     <span class='ocr_line' id='line_1_79' title="bbox 871 1818 1496 1895; baseline 0 -18"><span class='ocrx_word' id='word_1_428' title='bbox 871 1819 925 1877; x_wconf 78' lang='lat' dir='ltr'>tide</span> <span class='ocrx_word' id='word_1_429' title='bbox 942 1818 1019 1895; x_wconf 91' lang='lat' dir='ltr'>apud</span> <span class='ocrx_word' id='word_1_430' title='bbox 1036 1818 1101 1877; x_wconf 76' lang='lat' dir='ltr'>dun.</span> <span class='ocrx_word' id='word_1_431' title='bbox 1121 1819 1211 1894; x_wconf 78' lang='lat' dir='ltr'>urym.</span> <span class='ocrx_word' id='word_1_432' title='bbox 1225 1818 1414 1894; x_wconf 85' lang='lat' dir='ltr'>Hoogstraten</span> <span class='ocrx_word' id='word_1_433' title='bbox 1427 1819 1496 1877; x_wconf 84' lang='lat' dir='ltr'>Lex.</span> 
     </span>
     <span class='ocr_line' id='line_1_80' title="bbox 871 1894 1495 1974; baseline 0.002 -21"><span class='ocrx_word' id='word_1_434' title='bbox 871 1895 1022 1954; x_wconf 88' lang='lat' dir='ltr'>Neerland.</span> <span class='ocrx_word' id='word_1_435' title='bbox 1062 1895 1124 1953; x_wconf 89' lang='lat' dir='ltr'>Lat.</span> <span class='ocrx_word' id='word_1_436' title='bbox 1147 1896 1300 1963; x_wconf 69' lang='lat' dir='ltr'>scdroeeenr</span> <span class='ocrx_word' id='word_1_437' title='bbox 1319 1914 1406 1974; x_wconf 88' lang='lat' dir='ltr'>supra</span> <span class='ocrx_word' id='word_1_438' title='bbox 1430 1894 1495 1964; x_wconf 75' lang='grc'>727,</span> 
     </span>
     <span class='ocr_line' id='line_1_81' title="bbox 870 1969 1497 2048; baseline -0.002 -19"><span class='ocrx_word' id='word_1_439' title='bbox 870 1972 954 2030; x_wconf 71' lang='lat' dir='ltr'>draci.</span> <span class='ocrx_word' id='word_1_440' title='bbox 983 1971 1023 2030; x_wconf 92' lang='lat' dir='ltr'>Ut</span> <span class='ocrx_word' id='word_1_441' title='bbox 1042 1970 1089 2030; x_wconf 91' lang='lat' dir='ltr'>Nl.</span> <span class='ocrx_word' id='word_1_442' title='bbox 1108 1990 1216 2046; x_wconf 78' lang='lat' dir='ltr'>persea,</span> <span class='ocrx_word' id='word_1_443' title='bbox 1246 1976 1384 2048; x_wconf 78' lang='lat' dir='ltr'>asperam,</span> <span class='ocrx_word' id='word_1_444' title='bbox 1406 1969 1497 2048; x_wconf 78' lang='lat' dir='ltr'>expri-</span> 
     </span>
     <span class='ocr_line' id='line_1_82' title="bbox 871 2048 1498 2127; baseline -0.002 -20"><span class='ocrx_word' id='word_1_445' title='bbox 871 2067 959 2117; x_wconf 91' lang='lat' dir='ltr'>mere,</span> <span class='ocrx_word' id='word_1_446' title='bbox 986 2049 1054 2122; x_wconf 78' lang='lat' dir='ltr'>sijne</span> <span class='ocrx_word' id='word_1_447' title='bbox 1080 2048 1182 2106; x_wconf 83' lang='lat' dir='ltr'>moedcr</span> <span class='ocrx_word' id='word_1_448' title='bbox 1205 2050 1269 2127; x_wconf 70' lang='lat' dir='ltr'>pald</span> <span class='ocrx_word' id='word_1_449' title='bbox 1286 2053 1424 2126; x_wconf 82' lang='lat' dir='ltr'>uspersen,</span> <span class='ocrx_word' id='word_1_450' title='bbox 1452 2066 1498 2106; x_wconf 85' lang='lat' dir='ltr'>ex·</span> 
     </span>
     <span class='ocr_line' id='line_1_83' title="bbox 871 2125 1496 2202; baseline -0.003 -19"><span class='ocrx_word' id='word_1_451' title='bbox 871 2125 992 2202; x_wconf 90' lang='lat' dir='ltr'>primere</span> <span class='ocrx_word' id='word_1_452' title='bbox 1023 2143 1152 2183; x_wconf 90' lang='lat' dir='ltr'>nummos</span> <span class='ocrx_word' id='word_1_453' title='bbox 1177 2145 1194 2183; x_wconf 88' lang='lat' dir='ltr'>a</span> <span class='ocrx_word' id='word_1_454' title='bbox 1220 2131 1323 2186; x_wconf 74' lang='lat' dir='ltr'>matres</span> <span class='ocrx_word' id='word_1_455' title='bbox 1353 2126 1393 2184; x_wconf 92' lang='lat' dir='ltr'>sic</span> <span class='ocrx_word' id='word_1_456' title='bbox 1420 2125 1496 2183; x_wconf 85' lang='lat' dir='ltr'>Scot.</span> 
     </span>
     <span class='ocr_line' id='line_1_84' title="bbox 870 2201 1497 2279; baseline -0.003 -19"><span class='ocrx_word' id='word_1_457' title='bbox 870 2203 964 2277; x_wconf 77' lang='lat' dir='ltr'>etrusc</span> <span class='ocrx_word' id='word_1_458' title='bbox 991 2206 1069 2260; x_wconf 87' lang='lat' dir='ltr'>notat</span> <span class='ocrx_word' id='word_1_459' title='bbox 1096 2203 1244 2261; x_wconf 84' lang='lat' dir='ltr'>facultates</span> <span class='ocrx_word' id='word_1_460' title='bbox 1268 2201 1382 2261; x_wconf 86' lang='lat' dir='ltr'>sordida</span> <span class='ocrx_word' id='word_1_461' title='bbox 1409 2201 1497 2279; x_wconf 90' lang='lat' dir='ltr'>parci·</span> 
     </span>
     <span class='ocr_line' id='line_1_85' title="bbox 871 2277 1497 2357; baseline 0 -20"><span class='ocrx_word' id='word_1_462' title='bbox 871 2279 966 2337; x_wconf 91' lang='lat' dir='ltr'>monia</span> <span class='ocrx_word' id='word_1_463' title='bbox 994 2278 1038 2337; x_wconf 83' lang='lat' dir='ltr'>rel</span> <span class='ocrx_word' id='word_1_464' title='bbox 1057 2277 1221 2356; x_wconf 89' lang='lat' dir='ltr'>repetundis</span> <span class='ocrx_word' id='word_1_465' title='bbox 1244 2279 1404 2357; x_wconf 90' lang='lat' dir='ltr'>acquisitas.</span> <span class='ocrx_word' id='word_1_466' title='bbox 1433 2277 1497 2337; x_wconf 87' lang='lat' dir='ltr'>Lat.</span> 
     </span>
     <span class='ocr_line' id='line_1_86' title="bbox 870 2354 1496 2432; baseline 0 -18"><span class='ocrx_word' id='word_1_467' title='bbox 870 2359 1035 2432; x_wconf 71' lang='lat' dir='ltr'>extorquere,</span> <span class='ocrx_word' id='word_1_468' title='bbox 1058 2356 1204 2430; x_wconf 80' lang='lat' dir='ltr'>caprimere</span> <span class='ocrx_word' id='word_1_469' title='bbox 1224 2355 1329 2432; x_wconf 81' lang='lat' dir='ltr'>aliquid</span> <span class='ocrx_word' id='word_1_470' title='bbox 1346 2355 1378 2414; x_wconf 79' lang='lat' dir='ltr'>ab</span> <span class='ocrx_word' id='word_1_471' title='bbox 1398 2354 1496 2430; x_wconf 80' lang='lat' dir='ltr'>aliquo.</span> 
     </span>
     <span class='ocr_line' id='line_1_87' title="bbox 870 2429 1497 2507; baseline -0.003 -17"><span class='ocrx_word' id='word_1_472' title='bbox 870 2433 1012 2490; x_wconf 87' lang='lat' dir='ltr'>Jamiesou</span> <span class='ocrx_word' id='word_1_473' title='bbox 1031 2433 1132 2507; x_wconf 77' lang='lat' dir='ltr'>etrusc.</span> <span class='ocrx_word' id='word_1_474' title='bbox 1166 2431 1224 2490; x_wconf 80' lang='lat' dir='ltr'>atii</span> <span class='ocrx_word' id='word_1_475' title='bbox 1243 2435 1334 2491; x_wconf 79' lang='lat' dir='ltr'>strare</span> <span class='ocrx_word' id='word_1_476' title='bbox 1353 2429 1428 2489; x_wconf 91' lang='lat' dir='ltr'>idem</span> <span class='ocrx_word' id='word_1_477' title='bbox 1449 2431 1497 2488; x_wconf 92' lang='lat' dir='ltr'>ha·</span> 
     </span>
     <span class='ocr_line' id='line_1_88' title="bbox 872 2507 1495 2584; baseline -0.002 -18"><span class='ocrx_word' id='word_1_478' title='bbox 872 2507 938 2566; x_wconf 89' lang='lat' dir='ltr'>beat</span> <span class='ocrx_word' id='word_1_479' title='bbox 958 2527 1030 2566; x_wconf 93' lang='lat' dir='ltr'>cum.</span> <span class='ocrx_word' id='word_1_480' title='bbox 1060 2511 1125 2583; x_wconf 84' lang='lat' dir='ltr'>Ags.</span> <span class='ocrx_word' id='word_1_481' title='bbox 1146 2510 1265 2584; x_wconf 73' lang='lat' dir='ltr'>scrtj&#39;os,</span> <span class='ocrx_word' id='word_1_482' title='bbox 1292 2507 1495 2568; x_wconf 87' lang='lat' dir='ltr'>contessionem</span> 
     </span>
     <span class='ocr_line' id='line_1_89' title="bbox 871 2583 1496 2680; baseline -0.002 -37"><span class='ocrx_word' id='word_1_483' title='bbox 871 2584 1038 2643; x_wconf 89' lang='lat' dir='ltr'>delictorum</span> <span class='ocrx_word' id='word_1_484' title='bbox 1087 2586 1196 2661; x_wconf 85' lang='lat' dir='ltr'>exigere</span> <span class='ocrx_word' id='word_1_485' title='bbox 1239 2593 1268 2644; x_wconf 91' lang='lat' dir='ltr'>et</span> <span class='ocrx_word' id='word_1_486' title='bbox 1316 2583 1496 2680; x_wconf 75' lang='lat' dir='ltr'>praescribere</span> 
     </span>
     <span class='ocr_line' id='line_1_90' title="bbox 871 2660 1495 2799; baseline -0.003 -3"><span class='ocrx_word' id='word_1_487' title='bbox 871 2680 1116 2799; x_wconf 51' lang='lat' dir='ltr'>{letitia</span> <span class='ocrx_word' id='word_1_488' title='bbox 1139 2681 1202 2796; x_wconf 72' lang='lat' dir='ltr'>‘llae</span> <span class='ocrx_word' id='word_1_489' title='bbox 1216 2661 1280 2797; x_wconf 69' lang='lat' dir='ltr'>lli</span> <span class='ocrx_word' id='word_1_490' title='bbox 1293 2661 1363 2720; x_wconf 54' lang='grc' dir='ltr'>Μ</span> <span class='ocrx_word' id='word_1_491' title='bbox 1384 2660 1495 2794; x_wconf 62' lang='lat' dir='ltr'>“til</span> 
     </span>
     <span class='ocr_line' id='line_1_91' title="bbox 871 2757 1495 2874; baseline 0 -3"><span class='ocrx_word' id='word_1_492' title='bbox 871 2817 935 2873; x_wconf 78' lang='lat'>329.</span> <span class='ocrx_word' id='word_1_493' title='bbox 956 2834 982 2873; x_wconf 88' lang='lat' dir='ltr'>n.</span> <span class='ocrx_word' id='word_1_494' title='bbox 1003 2782 1066 2873; x_wconf 70' lang='lat' dir='ltr'>&#39;Sed</span> <span class='ocrx_word' id='word_1_495' title='bbox 1092 2758 1257 2874; x_wconf 60' lang='lat' dir='ltr'>Fiduciddus</span> <span class='ocrx_word' id='word_1_496' title='bbox 1281 2757 1384 2873; x_wconf 69' lang='lat' dir='ltr'>ldhins</span> <span class='ocrx_word' id='word_1_497' title='bbox 1404 2814 1495 2872; x_wconf 91' lang='lat' dir='ltr'>multo</span> 
     </span>
     <span class='ocr_line' id='line_1_92' title="bbox 870 2890 1449 2962; baseline -0.002 -13"><span class='ocrx_word' id='word_1_498' title='bbox 870 2897 934 2949; x_wconf 91' lang='lat' dir='ltr'>aute</span> <span class='ocrx_word' id='word_1_499' title='bbox 954 2910 1027 2949; x_wconf 90' lang='lat' dir='ltr'>unus</span> <span class='ocrx_word' id='word_1_500' title='bbox 1048 2890 1119 2949; x_wconf 78' lang='lat' dir='ltr'>vidit</span> <span class='ocrx_word' id='word_1_501' title='bbox 1139 2910 1250 2962; x_wconf 83' lang='lat' dir='ltr'>rerum,</span> <span class='ocrx_word' id='word_1_502' title='bbox 1269 2890 1449 2950; x_wconf 77' lang='lat' dir='ltr'>celerare-tide.</span> 
     </span>
    </p>
   </div>
   <div class='ocr_carea' id='block_1_9' title="bbox 863 3044 1496 4727">
    <p class='ocr_par' dir='ltr' id='par_1_11' title="bbox 863 3044 1496 4727">
     <span class='ocr_line' id='line_1_93' title="bbox 872 3044 1495 3121; baseline -0.002 -19"><span class='ocrx_word' id='word_1_503' title='bbox 872 3044 1038 3121; x_wconf 85' lang='lat' dir='ltr'>(crepitans,</span> <span class='ocrx_word' id='word_1_504' title='bbox 1076 3048 1202 3121; x_wconf 88' lang='lat' dir='ltr'>strepens</span> <span class='ocrx_word' id='word_1_505' title='bbox 1235 3045 1302 3119; x_wconf 88' lang='lat' dir='ltr'>olla)</span> <span class='ocrx_word' id='word_1_506' title='bbox 1336 3045 1392 3102; x_wconf 91' lang='lat' dir='ltr'>olla</span> <span class='ocrx_word' id='word_1_507' title='bbox 1423 3045 1495 3120; x_wconf 88' lang='lat' dir='ltr'>tigu-</span> 
     </span>
     <span class='ocr_line' id='line_1_94' title="bbox 871 3120 1496 3209; baseline -0.002 -31"><span class='ocrx_word' id='word_1_508' title='bbox 871 3121 942 3190; x_wconf 90' lang='lat' dir='ltr'>lina,</span> <span class='ocrx_word' id='word_1_509' title='bbox 968 3139 999 3178; x_wconf 91' lang='lat' dir='ltr'>os</span> <span class='ocrx_word' id='word_1_510' title='bbox 1022 3122 1118 3178; x_wconf 86' lang='lat' dir='ltr'>stricte</span> <span class='ocrx_word' id='word_1_511' title='bbox 1144 3140 1268 3199; x_wconf 84' lang='lat' dir='ltr'>expanso</span> <span class='ocrx_word' id='word_1_512' title='bbox 1296 3120 1421 3209; x_wconf 85' lang='lat' dir='ltr'>segmine</span> <span class='ocrx_word' id='word_1_513' title='bbox 1444 3120 1496 3178; x_wconf 88' lang='lat' dir='ltr'>sic·</span> 
     </span>
     <span class='ocr_line' id='line_1_95' title="bbox 872 3197 1494 3272; baseline 0 -18"><span class='ocrx_word' id='word_1_514' title='bbox 872 3216 910 3254; x_wconf 84' lang='lat' dir='ltr'>cre</span> <span class='ocrx_word' id='word_1_515' title='bbox 944 3197 1041 3255; x_wconf 80' lang='lat' dir='ltr'>vesicae</span> <span class='ocrx_word' id='word_1_516' title='bbox 1074 3203 1196 3269; x_wconf 87' lang='lat' dir='ltr'>tectum,</span> <span class='ocrx_word' id='word_1_517' title='bbox 1229 3198 1258 3256; x_wconf 94' lang='lat' dir='ltr'>in</span> <span class='ocrx_word' id='word_1_518' title='bbox 1292 3217 1370 3272; x_wconf 82' lang='lat' dir='ltr'>quus</span> <span class='ocrx_word' id='word_1_519' title='bbox 1400 3203 1494 3255; x_wconf 88' lang='lat' dir='ltr'>centro</span> 
     </span>
     <span class='ocr_line' id='line_1_96' title="bbox 870 3272 1495 3351; baseline 0.002 -21"><span class='ocrx_word' id='word_1_520' title='bbox 870 3272 958 3331; x_wconf 73' lang='lat' dir='ltr'>haeret</span> <span class='ocrx_word' id='word_1_521' title='bbox 983 3274 1090 3332; x_wconf 89' lang='lat' dir='ltr'>arundo</span> <span class='ocrx_word' id='word_1_522' title='bbox 1118 3274 1263 3345; x_wconf 80' lang='lat' dir='ltr'>transfixa,</span> <span class='ocrx_word' id='word_1_523' title='bbox 1291 3293 1374 3351; x_wconf 92' lang='lat' dir='ltr'>quam</span> <span class='ocrx_word' id='word_1_524' title='bbox 1399 3280 1495 3333; x_wconf 88' lang='lat' dir='ltr'>cantor</span> 
     </span>
     <span class='ocr_line' id='line_1_97' title="bbox 871 3349 1495 3410; baseline 0 -2"><span class='ocrx_word' id='word_1_525' title='bbox 871 3369 991 3409; x_wconf 83' lang='lat' dir='ltr'>concava</span> <span class='ocrx_word' id='word_1_526' title='bbox 1020 3370 1107 3410; x_wconf 91' lang='lat' dir='ltr'>manu</span> <span class='ocrx_word' id='word_1_527' title='bbox 1137 3351 1251 3409; x_wconf 92' lang='lat' dir='ltr'>humida</span> <span class='ocrx_word' id='word_1_528' title='bbox 1277 3368 1387 3409; x_wconf 86' lang='lat' dir='ltr'>sursum</span> <span class='ocrx_word' id='word_1_529' title='bbox 1414 3349 1495 3408; x_wconf 87' lang='lat' dir='ltr'>deor·</span> 
     </span>
     <span class='ocr_line' id='line_1_98' title="bbox 870 3428 1495 3487; baseline 0 -2"><span class='ocrx_word' id='word_1_530' title='bbox 870 3446 932 3486; x_wconf 93' lang='lat' dir='ltr'>sum</span> <span class='ocrx_word' id='word_1_531' title='bbox 962 3435 990 3485; x_wconf 91' lang='lat' dir='ltr'>et</span> <span class='ocrx_word' id='word_1_532' title='bbox 1016 3428 1148 3487; x_wconf 90' lang='lat' dir='ltr'>deorsum</span> <span class='ocrx_word' id='word_1_533' title='bbox 1171 3446 1281 3487; x_wconf 87' lang='lat' dir='ltr'>sursum</span> <span class='ocrx_word' id='word_1_534' title='bbox 1301 3445 1415 3486; x_wconf 86' lang='lat' dir='ltr'>movens</span> <span class='ocrx_word' id='word_1_535' title='bbox 1434 3445 1495 3485; x_wconf 89' lang='lat' dir='ltr'>sur·</span> 
     </span>
     <span class='ocr_line' id='line_1_99' title="bbox 871 3504 1495 3574; baseline 0 -13"><span class='ocrx_word' id='word_1_536' title='bbox 871 3504 940 3562; x_wconf 92' lang='lat' dir='ltr'>dum</span> <span class='ocrx_word' id='word_1_537' title='bbox 973 3505 1040 3563; x_wconf 89' lang='lat' dir='ltr'>citat</span> <span class='ocrx_word' id='word_1_538' title='bbox 1072 3525 1211 3574; x_wconf 89' lang='lat' dir='ltr'>murmur,</span> <span class='ocrx_word' id='word_1_539' title='bbox 1245 3505 1291 3562; x_wconf 93' lang='lat' dir='ltr'>cui</span> <span class='ocrx_word' id='word_1_540' title='bbox 1327 3504 1495 3563; x_wconf 87' lang='lat' dir='ltr'>cantilenam</span> 
     </span>
     <span class='ocr_line' id='line_1_100' title="bbox 870 3580 1494 3658; baseline 0 -19"><span class='ocrx_word' id='word_1_541' title='bbox 870 3582 959 3640; x_wconf 90' lang='lat' dir='ltr'>sociat</span> <span class='ocrx_word' id='word_1_542' title='bbox 978 3602 1066 3641; x_wconf 92' lang='lat' dir='ltr'>suam.</span> <span class='ocrx_word' id='word_1_543' title='bbox 1096 3583 1156 3641; x_wconf 83' lang='lat' dir='ltr'>Tali</span> <span class='ocrx_word' id='word_1_544' title='bbox 1176 3580 1283 3640; x_wconf 91' lang='lat' dir='ltr'>musica</span> <span class='ocrx_word' id='word_1_545' title='bbox 1302 3580 1405 3640; x_wconf 89' lang='lat' dir='ltr'>rustica</span> <span class='ocrx_word' id='word_1_546' title='bbox 1424 3599 1494 3658; x_wconf 90' lang='lat' dir='ltr'>pau·</span> 
     </span>
     <span class='ocr_line' id='line_1_101' title="bbox 871 3657 1495 3792; baseline -0.003 -76"><span class='ocrx_word' id='word_1_547' title='bbox 871 3677 951 3792; x_wconf 89' lang='lat' dir='ltr'>peres</span> <span class='ocrx_word' id='word_1_548' title='bbox 971 3679 1123 3736; x_wconf 90' lang='lat' dir='ltr'>eorumque</span> <span class='ocrx_word' id='word_1_549' title='bbox 1144 3658 1223 3718; x_wconf 87' lang='lat' dir='ltr'>liberi</span> <span class='ocrx_word' id='word_1_550' title='bbox 1244 3659 1273 3716; x_wconf 93' lang='lat' dir='ltr'>in</span> <span class='ocrx_word' id='word_1_551' title='bbox 1294 3658 1372 3716; x_wconf 84' lang='lat' dir='ltr'>feriis</span> <span class='ocrx_word' id='word_1_552' title='bbox 1389 3657 1495 3715; x_wconf 88' lang='lat' dir='ltr'>esuria-</span> 
     </span>
     <span class='ocr_line' id='line_1_102' title="bbox 882 3733 1494 3813; baseline 0 -21"><span class='ocrx_word' id='word_1_553' title='bbox 882 3735 944 3792; x_wconf 89' lang='lat' dir='ltr'>ibus</span> <span class='ocrx_word' id='word_1_554' title='bbox 970 3735 1092 3794; x_wconf 87' lang='lat' dir='ltr'>ostiatim</span> <span class='ocrx_word' id='word_1_555' title='bbox 1119 3736 1222 3813; x_wconf 90' lang='lat' dir='ltr'>stipem</span> <span class='ocrx_word' id='word_1_556' title='bbox 1242 3733 1385 3810; x_wconf 82' lang='lat' dir='ltr'>cogebant.</span> <span class='ocrx_word' id='word_1_557' title='bbox 1405 3765 1444 3780; x_wconf 89' lang='lat'><em>-</em></span> <span class='ocrx_word' id='word_1_558' title='bbox 1464 3733 1494 3793; x_wconf 84' lang='lat' dir='ltr'>F.</span> 
     </span>
     <span class='ocr_line' id='line_1_103' title="bbox 869 3810 1494 3887; baseline -0.003 -17"><span class='ocrx_word' id='word_1_559' title='bbox 869 3813 1064 3887; x_wconf 78' lang='lat' dir='ltr'>romanet-poet,</span> <span class='ocrx_word' id='word_1_560' title='bbox 1101 3812 1149 3871; x_wconf 92' lang='lat' dir='ltr'>Nl.</span> <span class='ocrx_word' id='word_1_561' title='bbox 1183 3812 1359 3886; x_wconf 76' lang='lat' dir='ltr'>redamet-pot,</span> <span class='ocrx_word' id='word_1_562' title='bbox 1395 3810 1494 3868; x_wconf 69' lang='lat' dir='ltr'>Sann.</span> 
     </span>
     <span class='ocr_line' id='line_1_104' title="bbox 863 3889 1496 3964; baseline -0.002 -19"><span class='ocrx_word' id='word_1_563' title='bbox 863 3889 992 3964; x_wconf 70' lang='lat' dir='ltr'>sstkepot</span> <span class='ocrx_word' id='word_1_564' title='bbox 1004 3891 1151 3964; x_wconf 72' lang='lat' dir='ltr'>scelte-pot.</span> <span class='ocrx_word' id='word_1_565' title='bbox 1187 3889 1268 3948; x_wconf 78' lang='lat' dir='ltr'>Niv.</span> <span class='ocrx_word' id='word_1_566' title='bbox 1287 3905 1416 3956; x_wconf 72' lang='lat' dir='ltr'>romaica,</span> <span class='ocrx_word' id='word_1_567' title='bbox 1435 3905 1496 3944; x_wconf 84' lang='lat' dir='ltr'>ver·</span> 
     </span>
     <span class='ocr_line' id='line_1_105' title="bbox 870 3962 1494 4040; baseline -0.005 -17"><span class='ocrx_word' id='word_1_568' title='bbox 870 3984 939 4023; x_wconf 91' lang='lat' dir='ltr'>sare.</span> <span class='ocrx_word' id='word_1_569' title='bbox 960 3964 1016 4024; x_wconf 86' lang='lat' dir='ltr'>Kil.</span> <span class='ocrx_word' id='word_1_570' title='bbox 1053 3967 1158 4040; x_wconf 77' lang='lat' dir='ltr'>Augu.</span> <span class='ocrx_word' id='word_1_571' title='bbox 1179 3969 1206 4023; x_wconf 89' lang='lat' dir='ltr'>to</span> <span class='ocrx_word' id='word_1_572' title='bbox 1229 3983 1314 4034; x_wconf 76' lang='lat' dir='ltr'>reaoe,</span> <span class='ocrx_word' id='word_1_573' title='bbox 1342 3971 1371 4022; x_wconf 91' lang='lat' dir='ltr'>to</span> <span class='ocrx_word' id='word_1_574' title='bbox 1392 3962 1494 4040; x_wconf 83' lang='lat' dir='ltr'>grani,-</span> 
     </span>
     <span class='ocr_line' id='line_1_106' title="bbox 871 4039 1495 4117; baseline -0.003 -17"><span class='ocrx_word' id='word_1_575' title='bbox 871 4048 900 4100; x_wconf 92' lang='lat' dir='ltr'>to</span> <span class='ocrx_word' id='word_1_576' title='bbox 928 4060 998 4100; x_wconf 88' lang='lat' dir='ltr'>roar.</span> <span class='ocrx_word' id='word_1_577' title='bbox 1032 4042 1141 4117; x_wconf 74' lang='lat' dir='ltr'>Ange.</span> <span class='ocrx_word' id='word_1_578' title='bbox 1168 4042 1279 4111; x_wconf 71' lang='lat' dir='ltr'>cambd,</span> <span class='ocrx_word' id='word_1_579' title='bbox 1310 4060 1326 4100; x_wconf 91' lang='lat' dir='ltr'>a</span> <span class='ocrx_word' id='word_1_580' title='bbox 1353 4039 1495 4115; x_wconf 87' lang='lat' dir='ltr'>rumbliag</span> 
     </span>
     <span class='ocr_line' id='line_1_107' title="bbox 870 4117 1493 4195; baseline -0.002 -19"><span class='ocrx_word' id='word_1_581' title='bbox 870 4117 963 4187; x_wconf 87' lang='lat' dir='ltr'>uoise,</span> <span class='ocrx_word' id='word_1_582' title='bbox 990 4137 1159 4178; x_wconf 89' lang='lat' dir='ltr'>amurmur.</span> <span class='ocrx_word' id='word_1_583' title='bbox 1189 4120 1293 4195; x_wconf 77' lang='lat' dir='ltr'>Augu.</span> <span class='ocrx_word' id='word_1_584' title='bbox 1312 4118 1433 4188; x_wconf 80' lang='lat' dir='ltr'>rommte,</span> <span class='ocrx_word' id='word_1_585' title='bbox 1464 4123 1493 4175; x_wconf 92' lang='lat' dir='ltr'>to</span> 
     </span>
     <span class='ocr_line' id='line_1_108' title="bbox 869 4195 1493 4274; baseline -0.003 -21"><span class='ocrx_word' id='word_1_586' title='bbox 869 4196 954 4272; x_wconf 82' lang='lat' dir='ltr'>spcals</span> <span class='ocrx_word' id='word_1_587' title='bbox 969 4195 1020 4254; x_wconf 86' lang='lat' dir='ltr'>lon</span> <span class='ocrx_word' id='word_1_588' title='bbox 1036 4215 1067 4254; x_wconf 92' lang='lat' dir='ltr'>or</span> <span class='ocrx_word' id='word_1_589' title='bbox 1080 4197 1211 4274; x_wconf 86' lang='lat' dir='ltr'>secretly,</span> <span class='ocrx_word' id='word_1_590' title='bbox 1226 4203 1254 4254; x_wconf 93' lang='lat' dir='ltr'>to</span> <span class='ocrx_word' id='word_1_591' title='bbox 1269 4195 1395 4272; x_wconf 83' lang='lat' dir='ltr'>nhisper.</span> <span class='ocrx_word' id='word_1_592' title='bbox 1421 4197 1493 4270; x_wconf 85' lang='lat' dir='ltr'>Ang.</span> 
     </span>
     <span class='ocr_line' id='line_1_109' title="bbox 870 4272 1495 4343; baseline -0.003 -12"><span class='ocrx_word' id='word_1_593' title='bbox 870 4278 897 4331; x_wconf 90' lang='lat' dir='ltr'>to</span> <span class='ocrx_word' id='word_1_594' title='bbox 918 4274 1031 4343; x_wconf 78' lang='lat' dir='ltr'>rumbis,</span> <span class='ocrx_word' id='word_1_595' title='bbox 1052 4279 1081 4332; x_wconf 94' lang='lat' dir='ltr'>to</span> <span class='ocrx_word' id='word_1_596' title='bbox 1101 4273 1182 4332; x_wconf 83' lang='lat' dir='ltr'>melre</span> <span class='ocrx_word' id='word_1_597' title='bbox 1202 4292 1218 4332; x_wconf 91' lang='lat' dir='ltr'>a</span> <span class='ocrx_word' id='word_1_598' title='bbox 1237 4272 1335 4331; x_wconf 90' lang='lat' dir='ltr'>hoarse</span> <span class='ocrx_word' id='word_1_599' title='bbox 1355 4272 1409 4330; x_wconf 87' lang='lat' dir='ltr'>low</span> <span class='ocrx_word' id='word_1_600' title='bbox 1430 4290 1495 4330; x_wconf 91' lang='lat' dir='ltr'>cou-</span> 
     </span>
     <span class='ocr_line' id='line_1_110' title="bbox 870 4349 1494 4439; baseline 0.002 -33"><span class='ocrx_word' id='word_1_601' title='bbox 870 4349 960 4408; x_wconf 91' lang='lat' dir='ltr'>tinual</span> <span class='ocrx_word' id='word_1_602' title='bbox 986 4350 1071 4408; x_wconf 79' lang='lat' dir='ltr'>noire.</span> <span class='ocrx_word' id='word_1_603' title='bbox 1107 4352 1212 4439; x_wconf 72' lang='lat' dir='ltr'>Angv.</span> <span class='ocrx_word' id='word_1_604' title='bbox 1238 4350 1348 4419; x_wconf 82' lang='lat' dir='ltr'>rombel,</span> <span class='ocrx_word' id='word_1_605' title='bbox 1375 4368 1392 4407; x_wconf 90' lang='lat' dir='ltr'>a</span> <span class='ocrx_word' id='word_1_606' title='bbox 1421 4367 1494 4407; x_wconf 90' lang='lat' dir='ltr'>rum·</span> 
     </span>
     <span class='ocr_line' id='line_1_111' title="bbox 870 4424 1495 4502; baseline 0 -20"><span class='ocrx_word' id='word_1_607' title='bbox 870 4425 949 4502; x_wconf 86' lang='lat' dir='ltr'>hliug</span> <span class='ocrx_word' id='word_1_608' title='bbox 975 4426 1059 4485; x_wconf 86' lang='lat' dir='ltr'>noise.</span> <span class='ocrx_word' id='word_1_609' title='bbox 1086 4426 1197 4486; x_wconf 83' lang='lat' dir='ltr'>Hallrw.</span> <span class='ocrx_word' id='word_1_610' title='bbox 1227 4427 1365 4485; x_wconf 56' lang='lat' dir='ltr'>nomades»</span> <span class='ocrx_word' id='word_1_611' title='bbox 1388 4424 1495 4483; x_wconf 89' lang='lat' dir='ltr'>assimi-</span> 
     </span>
     <span class='ocr_line' id='line_1_112' title="bbox 870 4502 1493 4576; baseline 0.005 -18"><span class='ocrx_word' id='word_1_612' title='bbox 870 4502 933 4559; x_wconf 86' lang='lat' dir='ltr'>latis</span> <span class='ocrx_word' id='word_1_613' title='bbox 954 4502 1040 4562; x_wconf 89' lang='lat' dir='ltr'>litoris</span> <span class='ocrx_word' id='word_1_614' title='bbox 1061 4503 1108 4562; x_wconf 93' lang='lat' dir='ltr'>Nl.</span> <span class='ocrx_word' id='word_1_615' title='bbox 1128 4505 1280 4572; x_wconf 81' lang='lat' dir='ltr'>rommeten,</span> <span class='ocrx_word' id='word_1_616' title='bbox 1301 4503 1332 4561; x_wconf 83' lang='lat' dir='ltr'>F.</span> <span class='ocrx_word' id='word_1_617' title='bbox 1354 4502 1493 4576; x_wconf 84' lang='lat' dir='ltr'>rammetje.</span> 
     </span>
     <span class='ocr_line' id='line_1_113' title="bbox 870 4580 1493 4657; baseline -0.002 -20"><span class='ocrx_word' id='word_1_618' title='bbox 870 4580 988 4637; x_wconf 71' lang='lat' dir='ltr'>mames</span> <span class='ocrx_word' id='word_1_619' title='bbox 1019 4580 1047 4638; x_wconf 93' lang='lat' dir='ltr'>iu</span> <span class='ocrx_word' id='word_1_620' title='bbox 1082 4582 1266 4657; x_wconf 83' lang='lat' dir='ltr'>rammetpcat,</span> <span class='ocrx_word' id='word_1_621' title='bbox 1300 4587 1361 4639; x_wconf 93' lang='lat' dir='ltr'>tum</span> <span class='ocrx_word' id='word_1_622' title='bbox 1394 4598 1493 4639; x_wconf 86' lang='lat' dir='ltr'>sonum</span> 
     </span>
     <span class='ocr_line' id='line_1_114' title="bbox 869 4655 1492 4727; baseline 0.002 -14"><span class='ocrx_word' id='word_1_623' title='bbox 869 4655 1055 4727; x_wconf 84' lang='lat' dir='ltr'>subsurdum,</span> <span class='ocrx_word' id='word_1_624' title='bbox 1083 4662 1143 4717; x_wconf 93' lang='lat' dir='ltr'>tum</span> <span class='ocrx_word' id='word_1_625' title='bbox 1163 4666 1270 4718; x_wconf 92' lang='lat' dir='ltr'>motum</span> <span class='ocrx_word' id='word_1_626' title='bbox 1290 4677 1388 4717; x_wconf 90' lang='lat' dir='ltr'>manus</span> <span class='ocrx_word' id='word_1_627' title='bbox 1408 4675 1492 4716; x_wconf 89' lang='lat' dir='ltr'>arun·</span> 
     </span>
    </p>
   </div>
   <div class='ocr_carea' id='block_1_10' title="bbox 869 4731 1493 4797">
    <p class='ocr_par' dir='ltr' id='par_1_12' title="bbox 869 4731 1493 4797">
     <span class='ocr_line' id='line_1_115' title="bbox 869 4731 1493 4797; baseline 0.006 -7"><span class='ocrx_word' id='word_1_628' title='bbox 869 4731 962 4793; x_wconf 90' lang='lat' dir='ltr'>dinem</span> <span class='ocrx_word' id='word_1_629' title='bbox 984 4753 1094 4794; x_wconf 88' lang='lat' dir='ltr'>sursum</span> <span class='ocrx_word' id='word_1_630' title='bbox 1114 4736 1244 4797; x_wconf 87' lang='lat' dir='ltr'>deorsum</span> <span class='ocrx_word' id='word_1_631' title='bbox 1264 4735 1389 4796; x_wconf 88' lang='lat' dir='ltr'>fricantis</span> <span class='ocrx_word' id='word_1_632' title='bbox 1403 4736 1493 4794; x_wconf 87' lang='lat' dir='ltr'>notet.</span> 
     </span>
    </p>
   </div>
   <div class='ocr_carea' id='block_1_11' title="bbox 0 0 1634 5310">
    <p class='ocr_par' dir='ltr' id='par_1_13' title="bbox 0 0 1634 5310">
     <span class='ocr_line' id='line_1_116' title="bbox 0 0 1634 5310; baseline 0 0"><span class='ocrx_word' id='word_1_633' title='bbox 0 0 1634 5310; x_wconf 95' lang='lat' dir='ltr'> </span> 
     </span>
    </p>
   </div>
  </div>
 </body>
</html>
