3256 5310
128 219 164 278 29

426 368 484 428 AF.

168 448 304 522 osc-don,
326 446 439 515 tollere,
459 450 619 523 amputare,
634 445 786 515 discutere;

1434 215 1472 276 bb

860 491 876 517 ‚,
892 466 942 504 son
968 464 1039 504 were
1065 466 1082 504 a
1108 369 1178 503 virid
1202 446 1234 504 oi
1253 447 1427 524 profanation
1447 449 1476 506 ol

167 529 231 602 Ags.
252 525 387 598 corifae,
416 522 576 600 depellere,
604 522 730 597 abigere,
759 527 786 579 et
860 569 876 593 „
891 524 938 580 the
967 522 1102 580 hallorved
1126 522 1229 581 silence
1255 524 1288 580 of
1311 524 1358 582 the
1384 525 1474 594 tomb,

166 602 344 678 os·a-drifan,
365 599 448 657 idem.

861 600 914 669 „it
944 598 968 657 is
998 599 1078 658 usual
1102 604 1130 656 to
1159 599 1245 675 spealr
1271 600 1303 657 os
1325 601 1392 658 them
1418 603 1477 658 trac

204 683 270 753 Ags.
290 697 313 734 ce
332 677 447 733 vocibus
467 675 581 751 prefixa
598 674 654 733 sere
668 674 785 733 eundem
859 721 876 747 „
891 676 912 732 ’a
926 675 1010 734 ccc.''
1049 675 1190 733 Jamieson
1225 676 1420 753 (Supplement
1447 685 1475 735 to

167 755 270 813 variam
296 754 352 811 vim
373 752 454 809 babet
474 770 559 827 quam
578 754 625 825 os,
646 752 680 810 G.
690 752 714 808 J.
734 754 783 825 oes,

167 853 181 888 e
209 850 265 908 qua
296 828 494 906 praepositione
526 828 622 885 oritur.
668 831 708 897 Α,
734 828 783 896 ab,

859 754 905 811 the
938 753 1021 811 Soott.
1056 751 1130 809 Dict.
1164 754 1233 825 orca)
1267 772 1325 810 uon
1358 754 1476 812 attendit

858 829 983 886 animum
993 827 1029 886 ad
1043 828 1192 904 mysticum
1206 847 1265 885 orca
1278 848 1330 906 pro
1344 829 1474 889 distincto

167 928 207 966 ex.
229 911 294 983 Ags.
307 905 439 979 adrisere,
454 904 605 980 expellere,
626 904 732 979 ejicere.
745 936 784 947 -
858 911 886 963 et
905 906 970 963 trito
990 905 1067 973 dede,
1086 910 1221 963 mortuus.

167 989 231 1059 Ags.
261 983 417 1058 oespmntlrc,
447 986 676 1113 purggmentum,
707 981 783 1113 quis-
820 984 880 1052 AF,
900 982 960 1058 dos,
980 981 1030 1049 όά,·
1049 981 1094 1058 ds,
1107 982 1179 1056 (ool)
1193 1000 1242 1047 orm
1256 984 1304 1056 oes,
1320 1001 1407 1060 praep.
1421 984 1474 1054 ab,

166 1060 260 1137 quiliae
286 1057 477 1134 (ablutiones),

165 1145 231 1212 Ags.
260 1136 359 1212 (oppid,
386 1133 546 1192 submutatir
572 1134 660 1191 formis
689 1134 782 1211 cpyld,

165 1215 225 1271 sine
246 1217 363 1279 mulcta,
385 1210 639 1286 (compensatione.)
659 1243 698 1255 -
716 1215 783 1285 Ags.

165 1293 288 1358 (edivam,
316 1288 414 1364 pallor.
442 1291 519 1362 (Ags.
544 1287 588 1344 hio
612 1287 698 1362 color)
721 1306 783 1364 pro·

537 1057 554 1114 l.
574 1058 726 1133 uitansque.
745 1091 784 1101 -
856 1059 1060 1136 separationem
1083 1062 1171 1116 notat.
1208 1060 1239 1116 [c
1260 1059 1319 1115 Mal
1336 1060 1361 1116 r's
1379 1078 1409 1117 er
1426 1060 1475 1135 ris,

856 1156 915 1193 rrrcr
941 1138 965 1193 it
979 1135 1095 1209 suwlair
1118 1135 1143 1191 r's
1167 1153 1196 1192 er
1215 1136 1281 1192 noct
1303 1136 1344 1205 bi,
1367 1155 1404 1214 pe
1441 1138 1477 1195 rit

856 1232 938 1272 vacca
964 1212 1096 1281 vitulum,
1124 1211 1173 1268 sed
1199 1211 1365 1270 secundinae
1385 1233 1401 1271 a
1422 1213 1475 1273 huc

857 1295 932 1348 tenet
951 1296 1056 1346 uterus.
1096 1288 1159 1345 R'er
1177 1288 1220 1362 ds,
1242 1291 1312 1364 Aug.
1321 1290 1377 1361 sar
1390 1292 1437 1367 off

167 1367 241 1443 pn‘e,
263 1365 374 1422 decolor
388 1363 519 1421 conditio.
532 1367 648 1439 -Ags
662 1382 783 1441 oemyrce,
818 1368 864 1437 af,
895 1367 1039 1433 deorsum,
1070 1363 1126 1420 Hd.
1160 1365 1247 1421 harah
1286 1366 1355 1422 Kone
1372 1370 1427 1440 jar
1446 1367 1476 1425 di

166 1443 307 1517 egregius;
335 1440 461 1516 proprie,
481 1440 540 1496 sine
561 1441 696 1510 tenebris,
716 1441 783 1498 luci·

166 1523 232 1588 dus,
253 1519 369 1592 fulgens.
409 1520 475 1591 Ags.
496 1518 581 1583 mirri,
602 1521 731 1575 tenebrae.
744 1549 783 1559 —

165 1601 231 1672 Ags.
265 1614 357 1664 amen,
391 1592 463 1666 (sine
495 1592 664 1667 hominibus)
691 1593 783 1651 nudus

165 1673 200 1731 ab
213 1672 328 1739 incolis,
348 1669 497 1738 desolatus,
521 1677 649 1727 vastatus.
662 1704 701 1714 -
717 1672 783 1746 Ags.

165 1749 273 1816 (enredo,
313 1754 406 1803 mente
444 1753 556 1822 captus,
588 1746 783 1823 pusillanimis.

166 1827 214 1884 Nl.
254 1822 404 1880 rrroedclcos'.
445 1854 485 1865 -
525 1825 592 1898 Ags.
627 1826 783 1901 oelrryrporr,

167 1907 297 1960 avertere.
316 1931 355 1943 -
375 1901 440 1974 ngs.
461 1904 555 1970 aenoo,
579 1899 686 1958 inutilis
707 1904 783 1976 (Aga.

166 1985 236 2049 note,
250 1979 337 2050 usus.)
349 2009 388 2019 —
400 1980 466 2051 Ags.
480 1995 586 2046 croac,
600 1976 735 2035 intonsus.
746 2009 785 2020 —

166 2061 232 2132 Ags.
258 2073 376 2126 ascopa,
403 2059 633 2128 purgamentum,
659 2053 707 2112 Nl.
733 2054 785 2110 ait·

166 2133 277 2206 aragaci.
296 2163 335 2174 —
357 2133 423 2204 Ags.
437 2134 554 2205 aetmrcn,
574 2130 689 2206 aperire.
719 2132 784 2206 Ags.

168 2219 261 2290 lynca,
281 2206 396 2282 saepire,
415 2205 552 2263 claudere.
565 2239 604 2249 —
616 2210 682 2281 Ags.
702 2226 783 2276 caen,

166 2291 297 2348 incertus.
323 2287 389 2356 Ags.
409 2300 468 2351 cen,
490 2282 717 2352 verisimilitudo,
739 2302 784 2340 ex·

168 2361 296 2445 pectntio.

206 2446 270 2513 Ags.
281 2458 304 2495 ae
319 2433 470 2511 respondet
483 2436 513 2493 F.
519 2438 580 2510 scr,
595 2436 642 2494 Nl.
652 2456 705 2505 cer,
723 2455 785 2512 quae

169 2515 312 2599 particular
326 2512 552 2582 diminutionem,
566 2513 724 2582 interitum,
739 2532 786 2569 no·

168 2603 237 2655 tant.
257 2595 323 2665 Ags.
343 2588 474 2658 oeoldr'cn,
495 2590 526 2647 F.
548 2608 707 2660 senesccre3
719 2593 785 2664 sor·-

169 2674 254 2747 (ridja,
282 2667 327 2724 Nl.
352 2666 489 2723 soroudon.
515 2699 552 2709 -
576 2665 785 2801 Agsffllgd

169 2745 339 2824 indignatio,
365 2743 416 2812 ira,
443 2743 490 2800 Nl.
520 2744 622 2819 verholp
690 2747 720 2802 '.
747 2775 786 2786 -

171 2832 235 2902 Aga.
256 2822 363 2896 oetlryh
384 2818 513 2888 tedium,
528 2821 557 2877 F.
569 2822 718 2895 fortdriet,
738 2819 784 2877 Nl.

169 2903 299 2967 cardrici,
315 2896 445 2965 taedium,
465 2896 552 2954 dolor.
566 2930 606 2940 -
618 2901 683 2974 Ags.
697 2899 786 2956 cerma-

170 2982 236 3050 daa,
256 2975 405 3036 tabescere.
425 2972 472 3030 Nl.
485 2974 659 3044 verswindet,
675 2993 787 3033 evanes-

172 3077 247 3124 cere,
271 3052 300 3108 in
314 3070 395 3108 auras
409 3050 456 3107 ire.
472 3051 505 3108 cl.
521 3051 659 3125 ostredde,
678 3051 767 3128 ἄχροά.

210 3137 276 3209 Aga,
306 3147 411 3202 a·veg
440 3128 486 3200 (de
517 3130 571 3203 via)
596 3129 638 3186 tit
663 3129 687 3185 ia
709 3147 786 3203 coep,

172 3213 264 3278 obest;
295 3223 346 3282 pro
371 3223 426 3280 quo
452 3204 536 3262 Frisii
559 3225 609 3282 per
631 3206 785 3281 aphaeresin

173 3285 316 3366 particula·
330 3282 349 3336 ά
361 3291 388 3337 et
401 3288 535 3357 mutatag
548 3283 577 3338 in
590 3283 613 3350 i,
627 3284 682 3339 wei.
702 3282 787 3357 Angli

173 3385 207 3422 ex
230 3379 317 3435 (crecy
341 3358 444 3415 habent
469 3378 569 3434 c-rocp,
593 3363 621 3414 et
644 3359 719 3418 Scoti
738 3377 788 3434 per

173 3458 318 3518 apocopen
338 3436 423 3492 cwo'.
452 3438 480 3492 It
498 3436 522 3492 r's
541 3434 602 3503 roei,
623 3435 712 3504 abest,
732 3453 788 3492 non

173 3518 322 3576 invenitur.
351 3515 425 3569 (ἔθανε
444 3512 509 3568 weil
538 3514 609 3587 Aug.
631 3514 681 3569 Get
694 3515 789 3587 away!

174 3594 276 3671 apage!
302 3590 435 3664 Weqran,
456 3587 539 3646 abire.
560 3587 631 3645 (lum
645 3589 789 3645 deamatis

175 3670 291 3729 mortuis
302 3685 393 3726 sermo
405 3673 446 3724 est
458 3666 541 3723 Frisii
553 3664 634 3734 άέαά,
650 3672 790 3734 mortuus,

176 3749 219 3806 rel
242 3749 346 3820 rtj'erre,
371 3743 454 3812 mori,
481 3761 538 3799 uon
565 3760 632 3799 usur
653 3748 714 3811 ent,
740 3743 807 3801 sedi

175 3825 237 3893 arei,
262 3822 338 3911 quod
358 3819 509 3878 solemnius
527 3824 609 3875 estet
642 3818 808 3878 esiderium'r

176 3901 278 3979 perditi
304 3899 450 4032 significat:
477 3913 609 3971 quorsum
629 3896 703 3953 enim
724 3897 792 3954 abiit

177 3984 206 4035 et
219 3995 322 4054 quomo
344 3994 360 4033 o
381 3974 462 4041 abiit,
482 3975 512 4029 in
532 3972 624 4029 medio
644 3972 791 4048 linquitur,

856 1444 950 1501 rooder
972 1443 1013 1515 ds,
1041 1440 1176 1498 descende
1198 1460 1213 1497 e
1233 1440 1366 1499 tabulato.
1407 1446 1477 1502 Kone

847 1522 900 1596 serr
926 1520 949 1574 ir
968 1518 1025 1575 aad
1042 1518 1094 1591 as!
1132 1519 1193 1574 Dcn
1217 1519 1310 1592 alep-ste
1329 1517 1354 1575 'n
1374 1526 1424 1596 pat
1438 1542 1477 1598 ga

856 1597 945 1664 edei,
972 1593 1119 1669 (descende
1139 1612 1155 1651 a
1175 1593 1261 1662 lecto,
1280 1592 1298 1651 i.
1318 1599 1352 1669 e.)
1372 1597 1475 1674 Surget

856 1672 969 1730 Partem
983 1669 1039 1727 diei
1052 1670 1118 1728 teris
1131 1669 1160 1727 in
1173 1688 1280 1728 somno.
1292 1703 1332 1716 -
1343 1674 1477 1733 Animad-

857 1755 933 1807 verte
960 1749 1049 1806 lectus
1075 1746 1228 1805 Frisiorum
1251 1754 1315 1805 ante
1335 1757 1477 1810 extructos

857 1845 971 1903 aggeres
991 1824 1126 1882 litterales
1146 1823 1255 1882 circiter
1274 1824 1399 1902 quinque
1418 1847 1479 1888 sex·

858 1922 890 1961 ve
930 1903 995 1961 edes
1020 1905 1137 1978 propter
1155 1900 1313 1977 frequentes
1333 1904 1417 1962 maris
1436 1907 1478 1964 in·

857 1999 895 2039 un
918 1980 1024 2037 ationes
1039 1996 1124 2054 supra
1136 1977 1229 2035 solum
1242 1977 1328 2036 fuisse
1341 1980 1478 2052 elevatos,

858 2076 927 2133 qnos
954 2076 1004 2132 per
1023 2062 1142 2130 quatuor
1153 2055 1241 2112 scalas
1255 2057 1479 2118 conscendebant

858 2152 963 2210 perque
984 2131 1094 2189 easdem
1114 2130 1212 2188 itidem
1231 2131 1402 2220 linquebant.

820 2212 857 2269 of
872 2210 931 2266 ind
949 2207 1020 2278 dan,
1034 2207 1185 2276 interdum,
1198 2226 1345 2284 pervices.
1358 2212 1479 2286 niseba

860 2288 929 2342 konrt
957 2287 1012 2358 lrjir
1039 2287 1091 2358 cas
1115 2284 1164 2341 ind
1190 2302 1255 2354 can,
1288 2290 1336 2342 aar
1364 2306 1405 2344 om
1433 2309 1478 2358 aa,

859 2383 917 2419 arar
936 2362 966 2419 dr'
976 2361 1055 2436 sciar,
1078 2360 1189 2435 juvenis
1208 2378 1260 2418 nos
1279 2360 1421 2423 interdum
1440 2365 1480 2423 vi·

859 2441 938 2508 sitat,
959 2458 1015 2496 non
1034 2443 1065 2494 ut
1084 2456 1135 2495 nos
1155 2437 1253 2494 offatm
1272 2437 1321 2495 sed
1336 2441 1479 2518 virginem.

860 2517 884 2574 A
924 2517 994 2590 ,off
1009 2516 1064 2572 aral
1078 2533 1118 2573 on.
1152 2514 1234 2590 „My
1253 2513 1365 2575 brother
1384 2519 1478 2577 visites

860 2536 937 2664 „lie
964 2592 1159 2650 Talbot·Arms
1186 2590 1288 2666 during
1315 2592 1396 2671 May,
1423 2595 1478 2653 and

860 2715 876 2742 ,‚
892 2688 947 2726 was
986 2668 1063 2744 there
1096 2670 1139 2744 off
1168 2667 1223 2724 ovd
1253 2687 1287 2725 on
1319 2670 1362 2728 for
1394 2671 1480 2730 about

860 2792 876 2818 „
891 2746 968 2804 three
987 2744 1123 2803 months.''
1163 2746 1203 2801 Go
1216 2744 1261 2819 off
1270 2746 1326 2803 and
1336 2766 1382 2817 oa,
1403 2748 1480 2806 abire

860 2829 887 2881 et
912 2822 1050 2880 accedere.
1097 2868 1113 2892 „
1129 2821 1330 2898 Competitions
1354 2824 1481 2884 intermit

861 2947 876 2970 „
892 2899 947 2957 and
970 2918 1004 2974 go
1029 2901 1073 2974 off
1094 2898 1149 2956 aad
1173 2917 1219 2967 on,
1246 2917 1276 2956 as
1296 2900 1318 2957 it
1340 2901 1395 2978 hap
1417 2921 1480 2971 ens,

861 3023 877 3047 „
891 2994 968 3052 upon
995 2975 1049 3032 this
1072 2994 1105 3032 or
1124 2974 1183 3032 that
1202 2974 1356 3035 occasiou.''
1395 2921 1480 3037 li’ns-

860 3060 966 3127 trange.
999 3052 1081 3110 Frisii
1107 3059 1135 3110 et
1160 3051 1245 3128 Angli
1264 3053 1396 3113 adverbia
1415 3054 1481 3113 hina

861 3129 905 3188 vel
921 3128 1084 3187 adverbium
1101 3135 1128 3186 et
1142 3128 1368 3205 praepositionem
1381 3131 1482 3209 copula

861 3205 916 3264 aad
938 3206 1056 3281 jungere
1081 3206 1179 3263 solent.
1211 3225 1252 3264 ex.
1273 3226 1313 3283 gr.
1333 3211 1405 3286 Aug.
1425 3228 1482 3266 coro

861 3282 1482 3361 mmAEmMm—Qm

862 3359 917 3418 aad
943 3359 1032 3428 dosora
1066 3361 1095 3417 F.
1125 3379 1158 3434 op
1187 3361 1237 3416 iad
1263 3360 1314 3419 del.
1343 3393 1382 3425 -s
1410 3364 1482 3437 Aug.

862 3438 1040 3511 through-cot,
1078 3437 1108 3494 F.
1143 3437 1345 3497 ιά-ἰιιά-ίάνοοά.
1396 3438 1482 3496 Porro

862 3516 933 3588 Aug.
961 3515 1064 3581 out-of,
1093 3532 1190 3587 rep-on,
1220 3515 1250 3572 F.
1270 3515 1306 3589 ds
1320 3515 1370 3571 ind
1387 3520 1430 3584 tc,
1453 3519 1484 3571 ut

863 3590 912 3646 ind
926 3609 978 3665 yn,
997 3607 1030 3663 op
1050 3589 1099 3646 ind
1116 3594 1158 3659 ct,
1179 3600 1278 3647 caetera
1298 3610 1360 3666 quae
1378 3592 1482 3649 confer.

863 3665 896 3725 F.
921 3667 973 3740 cof
996 3665 1046 3722 ind
1077 3670 1120 3734 tc,
1153 3665 1308 3736 interdum,
1344 3666 1408 3727 ub.
1433 3671 1486 3742 asts

865 3763 900 3800 aa
919 3747 959 3810 to,
979 3741 1069 3799 Bend.
1090 3745 1154 3801 366.

903 3818 987 3877 Frisii
1013 3824 1041 3875 et
1070 3819 1152 3895 Angli
1179 3838 1195 3876 e
1222 3820 1324 3878 talibus
1347 3838 1406 3896 prae
1444 3820 1482 3879 si-

866 3896 988 3955 tionibus
1011 3896 1114 3969 junctis
1142 3896 1225 3954 verba
1245 3896 1363 3955 sormare
1382 3915 1414 3955 so
1426 3902 1482 3955 ent.

866 3975 909 4032 Ex
928 3971 1097 4045 cos-indocti
1117 3973 1148 4029 fit

177 4054 226 4113 sed
240 4054 309 4113 abiit
320 4053 350 4109 in
363 4070 439 4120 oras,
459 4048 535 4107 unde
549 4068 631 4107 nemo
645 4049 725 4106 redit.
744 4050 793 4107 Pe·
829 4049 1092 4125 abiud-orme,
1122 4049 1163 4107 ire
1183 4055 1211 4106 et
1231 4050 1335 4121 redire,
1366 4049 1483 4110 deficere

179 4131 237 4188 riitl
264 4131 300 4187 Us
320 4147 384 4186 ruera
400 4127 498 4195 bacci,
518 4135 605 4183 mater
619 4133 728 4183 mortua
742 4132 792 4183 est.

178 4209 237 4281 HJ'c
256 4208 279 4263 is
295 4207 363 4264 wei!
384 4204 432 4261 illa
446 4203 513 4277 (filia
525 4206 584 4274 tua)
599 4203 724 4260 demersa
738 4203 812 4269 estlj

178 4284 284 4341 Eadem
310 4300 388 4339 mens
415 4287 457 4337 est
482 4280 510 4335 in
537 4279 641 4348 Sectis,
669 4297 732 4336 curn
756 4279 795 4336 lo·

179 4367 304 4437 quuntur
324 4359 440 4432 oftlraa
460 4357 518 4412 thot
538 4355 634 4414 'sowa
674 4400 690 4424 ,‚
705 4354 795 4413 There

179 4437 235 4510 „is
255 4456 271 4494 a
291 4435 415 4513 peculier
434 4432 490 4490 and
509 4432 600 4508 lovely
623 4432 746 4507 delicacy
766 4431 796 4488 in

181 4560 197 4587 „
212 4513 266 4571 this
280 4511 401 4572 national
416 4507 531 4578 idiom‚”
544 4509 637 4584 inquit
646 4509 796 4567 Jamieson.

868 4132 895 4186 et
915 4145 1043 4184 crescere.
1073 4128 1101 4183 It
1119 4127 1204 4183 state
1219 4128 1273 4199 sen
1292 4127 1315 4183 'c
1334 4128 1421 4201 lampa
1439 4127 1483 4201 cif-

868 4203 1016 4272 iadccnet,
1044 4203 1139 4260 lumen
1159 4202 1296 4279 lampadis
1325 4203 1483 4262 alternatim

868 4281 983 4356 languet
1003 4285 1031 4335 et
1051 4277 1184 4336 clarescit.

832 4357 902 4425 aul,
933 4355 998 4413 F.b.
1028 4355 1058 4412 in
1087 4373 1189 4430 genere
1218 4353 1293 4413 idem
1314 4355 1387 4414 valet

870 4435 941 4507 Aug.
971 4434 1015 4506 os,
1046 4451 1096 4509 pro
1127 4450 1183 4508 quo
1212 4432 1296 4491 Frisii
1315 4435 1379 4506 sen.
1408 4356 1485 4492 qqogl

870 4513 913 4568 De
937 4509 1026 4581 Melet
1054 4509 1113 4565 aar
1131 4509 1197 4583 sole
1216 4512 1270 4586 cos
1285 4529 1334 4567 aaa
1352 4528 1428 4581 acen,
1452 4510 1485 4569 F.

180 4592 301 4664 „When
320 4609 373 4649 one
393 4607 444 4647 can
461 4592 511 4646 not
530 4586 611 4644 avoid
631 4583 814 4643 areferenee!
871 4590 913 4645 De
932 4589 1001 4661 saer
1026 4585 1102 4643 andr
1118 4587 1193 4660 folle
1209 4587 1263 4660 sea
1288 4607 1336 4664 syn
1355 4606 1426 4646 soca.
1447 4618 1487 4632 -

181 4715 198 4743 „
215 4675 243 4728 to
269 4668 315 4727 the
335 4665 482 4744 departed,
502 4663 611 4722 instead
631 4662 664 4720 of
680 4662 797 4722 mentio·

183 4793 200 4821 „
215 4746 282 4823 uing
298 4747 345 4806 the
359 4763 454 4815 nome,
474 4763 504 4802 as
517 4741 665 4818 iinaming
679 4740 724 4799 the
737 4759 799 4818 per·

872 4664 936 4722 F.b.
963 4666 1004 4721 De
1032 4662 1110 4721 baud
1138 4663 1193 4737 crff
1211 4663 1233 4720 ’t
1257 4664 1313 4722 άάά
1336 4683 1426 4736 acme,
1454 4665 1485 4722 F.

873 4744 916 4801 De
943 4740 1010 4800 toed
1028 4743 1083 4817 sca
1111 4741 1135 4800 it
1162 4740 1219 4800 aad
1245 4741 1353 4812 esame,
1383 4742 1429 4802 rel
1457 4740 1488 4799 ds*
