<?xml version="1.0" encoding="UTF-8"?>
<!DOCTYPE html PUBLIC "-//W3C//DTD XHTML 1.0 Transitional//EN"
    "http://www.w3.org/TR/xhtml1/DTD/xhtml1-transitional.dtd">
<html xmlns="http://www.w3.org/1999/xhtml" xml:lang="en" lang="en">
 <head>
  <title>
</title>
<meta http-equiv="Content-Type" content="text/html;charset=utf-8" />
  <meta name='ocr-system' content='tesseract 3.04.00' />
  <meta name='ocr-capabilities' content='ocr_page ocr_carea ocr_par ocr_line ocrx_word'/>
</head>
<body>
  <div class='ocr_page' id='page_1' title='image "./lexiconfrisicum00halbgoog_0313.png"; bbox 0 0 3256 5310; ppageno 0'>
   <div class='ocr_carea' id='block_1_1' title="bbox 131 222 1489 288">
    <p class='ocr_par' dir='ltr' id='par_1_1' title="bbox 131 222 1489 288">
     <span class='ocr_line' id='line_1_1' title="bbox 131 222 1489 288; baseline -0.004 -1"><span class='ocrx_word' id='word_1_1' title='bbox 131 225 187 288; x_wconf 82' lang='grc'><strong>607</strong></span> <span class='ocrx_word' id='word_1_2' title='bbox 1426 222 1489 282; x_wconf 72' lang='grc'><strong>608</strong></span> 
     </span>
    </p>
   </div>
   <div class='ocr_carea' id='block_1_2' title="bbox 170 449 1494 1896">
    <p class='ocr_par' dir='ltr' id='par_1_2' title="bbox 170 449 1494 1452">
     <span class='ocr_line' id='line_1_2' title="bbox 211 449 1492 530; baseline -0.002 -16"><span class='ocrx_word' id='word_1_3' title='bbox 211 453 293 514; x_wconf 83' lang='lat' dir='ltr'><strong>Frisii</strong></span> <span class='ocrx_word' id='word_1_4' title='bbox 313 472 378 512; x_wconf 89' lang='lat' dir='ltr'><strong>suas</strong></span> <span class='ocrx_word' id='word_1_5' title='bbox 397 453 477 511; x_wconf 87' lang='lat' dir='ltr'><strong>sedes</strong></span> <span class='ocrx_word' id='word_1_6' title='bbox 497 454 612 529; x_wconf 89' lang='lat' dir='ltr'><strong>figentes</strong></span> <span class='ocrx_word' id='word_1_7' title='bbox 633 452 708 530; x_wconf 87' lang='lat' dir='ltr'><strong>apud</strong></span> <span class='ocrx_word' id='word_1_8' title='bbox 722 452 794 510; x_wconf 89' lang='lat' dir='ltr'><strong>ostia</strong></span> <span class='ocrx_word' id='word_1_9' title='bbox 867 450 982 530; x_wconf 90' lang='lat' dir='ltr'><strong>mingit,</strong></span> <span class='ocrx_word' id='word_1_10' title='bbox 1010 457 1036 511; x_wconf 82' lang='lat' dir='ltr'><strong>to</strong></span> <span class='ocrx_word' id='word_1_11' title='bbox 1059 450 1148 523; x_wconf 82' lang='lat' dir='ltr'><strong>dame,</strong></span> <span class='ocrx_word' id='word_1_12' title='bbox 1168 451 1300 527; x_wconf 82' lang='lat' dir='ltr'><strong>mingere.</strong></span> <span class='ocrx_word' id='word_1_13' title='bbox 1330 449 1437 510; x_wconf 82' lang='lat' dir='ltr'><strong>Confer</strong></span> <span class='ocrx_word' id='word_1_14' title='bbox 1456 450 1492 511; x_wconf 88' lang='lat' dir='ltr'><strong>F.</strong></span> 
     </span>
     <span class='ocr_line' id='line_1_3' title="bbox 173 529 1320 608; baseline -0.003 -17"><span class='ocrx_word' id='word_1_15' title='bbox 173 533 337 601; x_wconf 87' lang='lat' dir='ltr'><strong>fluminum,</strong></span> <span class='ocrx_word' id='word_1_16' title='bbox 362 549 459 589; x_wconf 90' lang='lat' dir='ltr'><strong>eorum</strong></span> <span class='ocrx_word' id='word_1_17' title='bbox 484 549 573 608; x_wconf 84' lang='lat' dir='ltr'><strong>aquus</strong></span> <span class='ocrx_word' id='word_1_18' title='bbox 597 529 692 589; x_wconf 82' lang='lat' dir='ltr'>dulces</span> <span class='ocrx_word' id='word_1_19' title='bbox 715 549 794 607; x_wconf 90' lang='lat' dir='ltr'><strong>seps·</strong></span> <span class='ocrx_word' id='word_1_20' title='bbox 867 529 914 588; x_wconf 91' lang='lat' dir='ltr'><strong>Nl.</strong></span> <span class='ocrx_word' id='word_1_21' title='bbox 934 531 1007 605; x_wconf 89' lang='lat' dir='ltr'><strong>Aug.</strong></span> <span class='ocrx_word' id='word_1_22' title='bbox 1028 533 1088 588; x_wconf 81' lang='lat' dir='ltr'><strong>oaet.</strong></span> <span class='ocrx_word' id='word_1_23' title='bbox 1109 529 1203 604; x_wconf 82' lang='lat' dir='ltr'><strong>domp,</strong></span> <span class='ocrx_word' id='word_1_24' title='bbox 1225 547 1259 587; x_wconf 83' lang='lat' dir='ltr'><strong>va</strong></span> <span class='ocrx_word' id='word_1_25' title='bbox 1280 547 1320 588; x_wconf 90' lang='lat' dir='ltr'><strong>or.</strong></span> 
     </span>
     <span class='ocr_line' id='line_1_4' title="bbox 173 548 1492 686; baseline -0.003 -18"><span class='ocrx_word' id='word_1_26' title='bbox 173 610 273 669; x_wconf 84' lang='lat' dir='ltr'><strong>rabant</strong></span> <span class='ocrx_word' id='word_1_27' title='bbox 293 608 327 667; x_wconf 90' lang='lat' dir='ltr'><strong>ab</strong></span> <span class='ocrx_word' id='word_1_28' title='bbox 348 627 422 686; x_wconf 88' lang='lat' dir='ltr'><strong>equa</strong></span> <span class='ocrx_word' id='word_1_29' title='bbox 441 609 563 676; x_wconf 87' lang='lat' dir='ltr'><strong>marina,</strong></span> <span class='ocrx_word' id='word_1_30' title='bbox 590 607 628 665; x_wconf 87' lang='lat' dir='ltr'><strong>ita</strong></span> <span class='ocrx_word' id='word_1_31' title='bbox 648 611 741 665; x_wconf 87' lang='lat' dir='ltr'><strong>tamen</strong></span> <span class='ocrx_word' id='word_1_32' title='bbox 760 613 793 665; x_wconf 89' lang='lat' dir='ltr'><strong>ut</strong></span> <span class='ocrx_word' id='word_1_33' title='bbox 829 606 1057 677; x_wconf 76' lang='lat' dir='ltr'><strong>dam-lineet,</strong></span> <span class='ocrx_word' id='word_1_34' title='bbox 1091 625 1132 682; x_wconf 89' lang='lat' dir='ltr'><strong>og.</strong></span> <span class='ocrx_word' id='word_1_35' title='bbox 1162 605 1239 664; x_wconf 87' lang='lat' dir='ltr'><strong>trabs</strong></span> <span class='ocrx_word' id='word_1_36' title='bbox 1260 548 1392 664; x_wconf 53' lang='lat' dir='ltr'><strong>lateralis</strong></span> <span class='ocrx_word' id='word_1_37' title='bbox 1421 606 1492 664; x_wconf 86' lang='lat' dir='ltr'><strong>ostii</strong></span> 
     </span>
     <span class='ocr_line' id='line_1_5' title="bbox 172 683 1494 765; baseline -0.001 -22"><span class='ocrx_word' id='word_1_38' title='bbox 172 706 222 765; x_wconf 88' lang='lat' dir='ltr'><strong>per</strong></span> <span class='ocrx_word' id='word_1_39' title='bbox 247 685 389 746; x_wconf 85' lang='lat' dir='ltr'><strong>emissaria</strong></span> <span class='ocrx_word' id='word_1_40' title='bbox 408 685 527 743; x_wconf 84' lang='lat' dir='ltr'><strong>navibus</strong></span> <span class='ocrx_word' id='word_1_41' title='bbox 548 685 665 743; x_wconf 90' lang='lat' dir='ltr'><strong>liberum</strong></span> <span class='ocrx_word' id='word_1_42' title='bbox 686 684 792 742; x_wconf 87' lang='lat' dir='ltr'><strong>aditum</strong></span> <span class='ocrx_word' id='word_1_43' title='bbox 867 683 925 742; x_wconf 89' lang='lat' dir='ltr'><strong>sive</strong></span> <span class='ocrx_word' id='word_1_44' title='bbox 945 684 1076 742; x_wconf 77' lang='lat' dir='ltr'><strong>introitus</strong></span> <span class='ocrx_word' id='word_1_45' title='bbox 1097 683 1170 759; x_wconf 84' lang='lat' dir='ltr'><strong>agri,</strong></span> <span class='ocrx_word' id='word_1_46' title='bbox 1194 683 1224 741; x_wconf 92' lang='lat' dir='ltr'><strong>in</strong></span> <span class='ocrx_word' id='word_1_47' title='bbox 1245 701 1300 759; x_wconf 86' lang='lat' dir='ltr'><strong>qna</strong></span> <span class='ocrx_word' id='word_1_48' title='bbox 1320 688 1414 759; x_wconf 89' lang='lat' dir='ltr'><strong>postes</strong></span> <span class='ocrx_word' id='word_1_49' title='bbox 1435 683 1494 742; x_wconf 82' lang='lat' dir='ltr'><strong>elo·</strong></span> 
     </span>
     <span class='ocr_line' id='line_1_6' title="bbox 172 758 1492 842; baseline -0.002 -22"><span class='ocrx_word' id='word_1_50' title='bbox 172 764 340 842; x_wconf 81' lang='lat' dir='ltr'><strong>praeberent.</strong></span> <span class='ocrx_word' id='word_1_51' title='bbox 372 762 435 820; x_wconf 89' lang='lat' dir='ltr'><strong>Hoo</strong></span> <span class='ocrx_word' id='word_1_52' title='bbox 460 763 542 820; x_wconf 92' lang='lat' dir='ltr'><strong>modo</strong></span> <span class='ocrx_word' id='word_1_53' title='bbox 562 761 730 819; x_wconf 77' lang='lat' dir='ltr'>claudebant</span> <span class='ocrx_word' id='word_1_54' title='bbox 749 780 793 819; x_wconf 89' lang='lat' dir='ltr'><strong>os·</strong></span> <span class='ocrx_word' id='word_1_55' title='bbox 866 761 921 820; x_wconf 88' lang='lat' dir='ltr'><strong>thri</strong></span> <span class='ocrx_word' id='word_1_56' title='bbox 948 760 1025 819; x_wconf 78' lang='lat' dir='ltr'><strong>inlini</strong></span> <span class='ocrx_word' id='word_1_57' title='bbox 1045 764 1122 831; x_wconf 89' lang='lat' dir='ltr'><strong>suut,</strong></span> <span class='ocrx_word' id='word_1_58' title='bbox 1150 777 1269 836; x_wconf 83' lang='lat' dir='ltr'><strong>quosque</strong></span> <span class='ocrx_word' id='word_1_59' title='bbox 1288 758 1408 836; x_wconf 87' lang='lat' dir='ltr'><strong>impedit</strong></span> <span class='ocrx_word' id='word_1_60' title='bbox 1430 777 1492 837; x_wconf 89' lang='lat' dir='ltr'><strong>quo</strong></span> 
     </span>
     <span class='ocr_line' id='line_1_7' title="bbox 172 835 1489 913; baseline -0.002 -14"><span class='ocrx_word' id='word_1_61' title='bbox 172 842 211 899; x_wconf 84' lang='lat' dir='ltr'><strong>tis</strong></span> <span class='ocrx_word' id='word_1_62' title='bbox 241 841 390 898; x_wconf 85' lang='lat' dir='ltr'><strong>fluminum</strong></span> <span class='ocrx_word' id='word_1_63' title='bbox 421 840 558 909; x_wconf 69' lang='lat' dir='ltr'><strong>Anotera,</strong></span> <span class='ocrx_word' id='word_1_64' title='bbox 588 840 679 908; x_wconf 79' lang='lat' dir='ltr'><strong>Rotoe,</strong></span> <span class='ocrx_word' id='word_1_65' title='bbox 712 839 794 896; x_wconf 83' lang='lat' dir='ltr'><strong>Zonae</strong></span> <span class='ocrx_word' id='word_1_66' title='bbox 866 838 959 896; x_wconf 89' lang='lat' dir='ltr'><strong>minus</strong></span> <span class='ocrx_word' id='word_1_67' title='bbox 983 836 1072 913; x_wconf 82' lang='lat' dir='ltr'><strong>glebae</strong></span> <span class='ocrx_word' id='word_1_68' title='bbox 1096 837 1196 895; x_wconf 83' lang='lat' dir='ltr'><strong>solutae</strong></span> <span class='ocrx_word' id='word_1_69' title='bbox 1216 842 1299 895; x_wconf 82' lang='lat' dir='ltr'><strong>ruant</strong></span> <span class='ocrx_word' id='word_1_70' title='bbox 1318 836 1348 895; x_wconf 92' lang='lat' dir='ltr'><strong>iu</strong></span> <span class='ocrx_word' id='word_1_71' title='bbox 1367 835 1489 896; x_wconf 83' lang='lat' dir='ltr'><strong>fossam:</strong></span> 
     </span>
     <span class='ocr_line' id='line_1_8' title="bbox 173 912 1490 1013; baseline -0.002 -37"><span class='ocrx_word' id='word_1_72' title='bbox 173 917 362 995; x_wconf 88' lang='lat' dir='ltr'><strong>aliorumque,</strong></span> <span class='ocrx_word' id='word_1_73' title='bbox 393 919 421 974; x_wconf 87' lang='lat' dir='ltr'><strong>el</strong></span> <span class='ocrx_word' id='word_1_74' title='bbox 449 916 515 974; x_wconf 89' lang='lat' dir='ltr'><strong>inde</strong></span> <span class='ocrx_word' id='word_1_75' title='bbox 542 915 656 973; x_wconf 88' lang='lat' dir='ltr'><strong>uomina</strong></span> <span class='ocrx_word' id='word_1_76' title='bbox 679 915 792 972; x_wconf 89' lang='lat' dir='ltr'><strong>urbium</strong></span> <span class='ocrx_word' id='word_1_77' title='bbox 866 915 999 1013; x_wconf 59' lang='lat' dir='ltr'><strong>quodque</strong></span> <span class='ocrx_word' id='word_1_78' title='bbox 1016 915 1090 972; x_wconf 89' lang='lat' dir='ltr'><strong>latus</strong></span> <span class='ocrx_word' id='word_1_79' title='bbox 1105 914 1173 989; x_wconf 87' lang='lat' dir='ltr'><strong>tegit</strong></span> <span class='ocrx_word' id='word_1_80' title='bbox 1183 912 1324 990; x_wconf 84' lang='lat' dir='ltr'><strong>utrimque</strong></span> <span class='ocrx_word' id='word_1_81' title='bbox 1334 912 1411 971; x_wconf 89' lang='lat' dir='ltr'><strong>trabs</strong></span> <span class='ocrx_word' id='word_1_82' title='bbox 1422 931 1490 973; x_wconf 87' lang='lat' dir='ltr'><strong>unu.</strong></span> 
     </span>
     <span class='ocr_line' id='line_1_9' title="bbox 171 988 1490 1063; baseline -0.002 -11"><span class='ocrx_word' id='word_1_83' title='bbox 171 994 391 1063; x_wconf 55' lang='lat' dir='ltr'><strong>Amasene-dom,</strong></span> <span class='ocrx_word' id='word_1_84' title='bbox 405 992 591 1062; x_wconf 74' lang='lat' dir='ltr'><strong>Botere-dom,</strong></span> <span class='ocrx_word' id='word_1_85' title='bbox 605 992 792 1062; x_wconf 69' lang='lat' dir='ltr'><strong>Zmarre-dam,</strong></span> <span class='ocrx_word' id='word_1_86' title='bbox 828 990 920 1063; x_wconf 88' lang='lat' dir='ltr'><strong>dam,</strong></span> <span class='ocrx_word' id='word_1_87' title='bbox 941 991 1005 1051; x_wconf 58' lang='lat' dir='ltr'><strong>lv.</strong></span> <span class='ocrx_word' id='word_1_88' title='bbox 1027 990 1138 1049; x_wconf 80' lang='lat' dir='ltr'><strong>cicatrix</strong></span> <span class='ocrx_word' id='word_1_89' title='bbox 1158 994 1282 1059; x_wconf 76' lang='lat' dir='ltr'><strong>exstans,</strong></span> <span class='ocrx_word' id='word_1_90' title='bbox 1301 991 1352 1061; x_wconf 69' lang='grc' dir='ltr'><em>Μ</em></span> <span class='ocrx_word' id='word_1_91' title='bbox 1360 988 1405 1048; x_wconf 77' lang='lat' dir='ltr'><strong>dio</strong></span> <span class='ocrx_word' id='word_1_92' title='bbox 1419 1008 1490 1049; x_wconf 73' lang='lat' dir='ltr'><strong>waes·</strong></span> 
     </span>
     <span class='ocr_line' id='line_1_10' title="bbox 172 1064 1488 1139; baseline -0.002 -11"><span class='ocrx_word' id='word_1_93' title='bbox 172 1071 255 1130; x_wconf 86' lang='lat' dir='ltr'><strong>hodie</strong></span> <span class='ocrx_word' id='word_1_94' title='bbox 289 1070 468 1139; x_wconf 83' lang='lat' dir='ltr'><strong>Amsterdnm,</strong></span> <span class='ocrx_word' id='word_1_95' title='bbox 501 1070 670 1139; x_wconf 77' lang='lat' dir='ltr'><strong>Bolterdnm,</strong></span> <span class='ocrx_word' id='word_1_96' title='bbox 703 1070 792 1128; x_wconf 69' lang='lat' dir='ltr'><strong>Zoara·</strong></span> <span class='ocrx_word' id='word_1_97' title='bbox 866 1088 911 1128; x_wconf 80' lang='lat' dir='ltr'><strong>een</strong></span> <span class='ocrx_word' id='word_1_98' title='bbox 930 1068 992 1126; x_wconf 81' lang='lat' dir='ltr'><strong>dam</strong></span> <span class='ocrx_word' id='word_1_99' title='bbox 1010 1066 1121 1126; x_wconf 72' lang='lat' dir='ltr'><strong>standon</strong></span> <span class='ocrx_word' id='word_1_100' title='bbox 1140 1069 1215 1136; x_wconf 76' lang='lat' dir='ltr'><strong>leet,</strong></span> <span class='ocrx_word' id='word_1_101' title='bbox 1242 1067 1277 1126; x_wconf 91' lang='lat'><strong>0.</strong></span> <span class='ocrx_word' id='word_1_102' title='bbox 1296 1066 1328 1125; x_wconf 82' lang='lat' dir='ltr'><strong>F.</strong></span> <span class='ocrx_word' id='word_1_103' title='bbox 1348 1064 1392 1126; x_wconf 86' lang='lat' dir='ltr'><strong>W.</strong></span> <span class='ocrx_word' id='word_1_104' title='bbox 1412 1069 1488 1138; x_wconf 74' lang='lat'><strong>862,</strong></span> 
     </span>
     <span class='ocr_line' id='line_1_11' title="bbox 172 1141 1490 1219; baseline -0.002 -15"><span class='ocrx_word' id='word_1_105' title='bbox 172 1149 242 1206; x_wconf 84' lang='lat' dir='ltr'><strong>dam.</strong></span> <span class='ocrx_word' id='word_1_106' title='bbox 265 1147 347 1206; x_wconf 81' lang='lat' dir='ltr'><strong>Adde</strong></span> <span class='ocrx_word' id='word_1_107' title='bbox 367 1147 410 1205; x_wconf 89' lang='lat' dir='ltr'><strong>his</strong></span> <span class='ocrx_word' id='word_1_108' title='bbox 430 1146 513 1204; x_wconf 88' lang='lat' dir='ltr'><strong>urbes</strong></span> <span class='ocrx_word' id='word_1_109' title='bbox 533 1146 684 1205; x_wconf 87' lang='lat' dir='ltr'><strong>maritimas</strong></span> <span class='ocrx_word' id='word_1_110' title='bbox 705 1144 793 1204; x_wconf 74' lang='lat' dir='ltr'><strong>west</strong></span> <span class='ocrx_word' id='word_1_111' title='bbox 867 1146 892 1204; x_wconf 91' lang='lat' dir='ltr'><strong>si</strong></span> <span class='ocrx_word' id='word_1_112' title='bbox 911 1144 1016 1204; x_wconf 88' lang='lat' dir='ltr'><strong>labium</strong></span> <span class='ocrx_word' id='word_1_113' title='bbox 1038 1145 1238 1219; x_wconf 84' lang='lat' dir='ltr'><strong>(vulneratum)</strong></span> <span class='ocrx_word' id='word_1_114' title='bbox 1254 1141 1411 1202; x_wconf 88' lang='lat' dir='ltr'><strong>niestrioem</strong></span> <span class='ocrx_word' id='word_1_115' title='bbox 1432 1144 1490 1202; x_wconf 87' lang='lat' dir='ltr'><strong>ele·</strong></span> 
     </span>
     <span class='ocr_line' id='line_1_12' title="bbox 170 1219 1370 1299; baseline -0.003 -16"><span class='ocrx_word' id='word_1_116' title='bbox 170 1224 268 1283; x_wconf 77' lang='lat' dir='ltr'><strong>Frislro</strong></span> <span class='ocrx_word' id='word_1_117' title='bbox 294 1224 379 1282; x_wconf 85' lang='lat' dir='ltr'><strong>Udom</strong></span> <span class='ocrx_word' id='word_1_118' title='bbox 398 1223 481 1282; x_wconf 91' lang='lat' dir='ltr'><strong>hodie</strong></span> <span class='ocrx_word' id='word_1_119' title='bbox 498 1223 597 1294; x_wconf 75' lang='lat' dir='ltr'><strong>Edam,</strong></span> <span class='ocrx_word' id='word_1_120' title='bbox 620 1223 792 1281; x_wconf 79' lang='lat' dir='ltr'><strong>Moaaiclen·</strong></span> <span class='ocrx_word' id='word_1_121' title='bbox 867 1231 957 1282; x_wconf 85' lang='lat' dir='ltr'><strong>vatem</strong></span> <span class='ocrx_word' id='word_1_122' title='bbox 978 1221 1115 1299; x_wconf 86' lang='lat' dir='ltr'><strong>reliquam</strong></span> <span class='ocrx_word' id='word_1_123' title='bbox 1134 1220 1231 1290; x_wconf 85' lang='lat' dir='ltr'><strong>habet,</strong></span> <span class='ocrx_word' id='word_1_124' title='bbox 1250 1220 1281 1280; x_wconf 80' lang='lat' dir='ltr'><strong>F.</strong></span> <span class='ocrx_word' id='word_1_125' title='bbox 1293 1219 1370 1280; x_wconf 80' lang='lat' dir='ltr'><strong>need.</strong></span> 
     </span>
     <span class='ocr_line' id='line_1_13' title="bbox 171 1296 1489 1432; baseline -0.002 -73"><span class='ocrx_word' id='word_1_126' title='bbox 171 1302 246 1370; x_wconf 85' lang='lat' dir='ltr'><strong>dom,</strong></span> <span class='ocrx_word' id='word_1_127' title='bbox 259 1301 393 1377; x_wconf 83' lang='lat' dir='ltr'><strong>vicosque</strong></span> <span class='ocrx_word' id='word_1_128' title='bbox 407 1300 583 1370; x_wconf 72' lang='lat' dir='ltr'><strong>Vedios-dom,</strong></span> <span class='ocrx_word' id='word_1_129' title='bbox 597 1299 792 1357; x_wconf 62' lang='lat' dir='ltr'><strong>hellen-dam.</strong></span> <span class='ocrx_word' id='word_1_130' title='bbox 828 1299 943 1370; x_wconf 88' lang='lat' dir='ltr'><strong>daem,</strong></span> <span class='ocrx_word' id='word_1_131' title='bbox 964 1299 1132 1377; x_wconf 81' lang='lat' dir='ltr'><strong>periureum‚</strong></span> <span class='ocrx_word' id='word_1_132' title='bbox 1153 1297 1233 1375; x_wconf 91' lang='lat' dir='ltr'><strong>qnasi</strong></span> <span class='ocrx_word' id='word_1_133' title='bbox 1253 1296 1387 1432; x_wconf 64' lang='lat' dir='ltr'><strong>aggellus.</strong></span> <span class='ocrx_word' id='word_1_134' title='bbox 1405 1296 1489 1357; x_wconf 80' lang='lat' dir='ltr'><strong>Alias</strong></span> 
     </span>
     <span class='ocr_line' id='line_1_14' title="bbox 170 1375 1376 1452; baseline -0.004 -16"><span class='ocrx_word' id='word_1_135' title='bbox 170 1379 239 1437; x_wconf 78' lang='lat' dir='ltr'><strong>Erat</strong></span> <span class='ocrx_word' id='word_1_136' title='bbox 267 1378 335 1436; x_wconf 92' lang='lat' dir='ltr'><strong>olim</strong></span> <span class='ocrx_word' id='word_1_137' title='bbox 360 1378 495 1435; x_wconf 85' lang='lat' dir='ltr'><strong>fluentum</strong></span> <span class='ocrx_word' id='word_1_138' title='bbox 519 1378 547 1435; x_wconf 92' lang='lat' dir='ltr'><strong>in</strong></span> <span class='ocrx_word' id='word_1_139' title='bbox 568 1375 668 1435; x_wconf 89' lang='lat' dir='ltr'><strong>horum</strong></span> <span class='ocrx_word' id='word_1_140' title='bbox 690 1376 792 1435; x_wconf 84' lang='lat' dir='ltr'><strong>vicinia</strong></span> <span class='ocrx_word' id='word_1_141' title='bbox 866 1377 899 1436; x_wconf 76' lang='lat' dir='ltr'><strong>Il.</strong></span> <span class='ocrx_word' id='word_1_142' title='bbox 919 1376 1095 1452; x_wconf 67' lang='lat' dir='ltr'><strong>keep-atriolis</strong></span> <span class='ocrx_word' id='word_1_143' title='bbox 1115 1376 1233 1449; x_wconf 85' lang='lat' dir='ltr'><strong>(fissuroe</strong></span> <span class='ocrx_word' id='word_1_144' title='bbox 1285 1377 1376 1449; x_wconf 85' lang='lat' dir='ltr'><strong>ates).</strong></span> 
     </span>
    </p>

    <p class='ocr_par' dir='ltr' id='par_1_3' title="bbox 171 1393 1488 1896">
     <span class='ocr_line' id='line_1_15' title="bbox 172 1393 1488 1530; baseline -0.003 -16"><span class='ocrx_word' id='word_1_145' title='bbox 172 1455 228 1530; x_wconf 82' lang='lat' dir='ltr'><strong>Ilip</strong></span> <span class='ocrx_word' id='word_1_146' title='bbox 261 1455 387 1524; x_wconf 87' lang='lat' dir='ltr'><strong>dietum,</strong></span> <span class='ocrx_word' id='word_1_147' title='bbox 421 1452 457 1512; x_wconf 91' lang='lat' dir='ltr'><strong>ad</strong></span> <span class='ocrx_word' id='word_1_148' title='bbox 490 1454 568 1529; x_wconf 87' lang='lat' dir='ltr'><strong>enjus</strong></span> <span class='ocrx_word' id='word_1_149' title='bbox 605 1473 681 1511; x_wconf 86' lang='lat' dir='ltr'><strong>oram</strong></span> <span class='ocrx_word' id='word_1_150' title='bbox 715 1452 792 1511; x_wconf 71' lang='lat' dir='ltr'><strong>meus</strong></span> <span class='ocrx_word' id='word_1_151' title='bbox 828 1453 1075 1528; x_wconf 84' lang='lat' dir='ltr'><strong>dam-steegh,</strong></span> <span class='ocrx_word' id='word_1_152' title='bbox 1094 1452 1148 1527; x_wconf 88' lang='lat' dir='ltr'><strong>adj.</strong></span> <span class='ocrx_word' id='word_1_153' title='bbox 1169 1393 1320 1529; x_wconf 55' lang='lat' dir='ltr'><strong>procedere</strong></span> <span class='ocrx_word' id='word_1_154' title='bbox 1340 1469 1488 1524; x_wconf 72' lang='lat' dir='ltr'><strong>recusans,</strong></span> 
     </span>
     <span class='ocr_line' id='line_1_16' title="bbox 171 1529 792 1607; baseline -0.002 -19"><span class='ocrx_word' id='word_1_155' title='bbox 171 1532 348 1607; x_wconf 74' lang='lat' dir='ltr'><strong>Elpeo-dom,</strong></span> <span class='ocrx_word' id='word_1_156' title='bbox 388 1530 471 1589; x_wconf 88' lang='lat' dir='ltr'><strong>hodie</strong></span> <span class='ocrx_word' id='word_1_157' title='bbox 508 1530 654 1606; x_wconf 83' lang='lat' dir='ltr'><strong>Ilpendom.</strong></span> <span class='ocrx_word' id='word_1_158' title='bbox 707 1529 792 1607; x_wconf 84' lang='lat' dir='ltr'><strong>Apud</strong></span> 
     </span>
     <span class='ocr_line' id='line_1_17' title="bbox 172 1606 793 1681; baseline -0.005 -15"><span class='ocrx_word' id='word_1_159' title='bbox 172 1609 284 1667; x_wconf 86' lang='lat' dir='ltr'><strong>effluvia</strong></span> <span class='ocrx_word' id='word_1_160' title='bbox 313 1607 438 1666; x_wconf 90' lang='lat' dir='ltr'><strong>fluminis</strong></span> <span class='ocrx_word' id='word_1_161' title='bbox 468 1606 660 1665; x_wconf 85' lang='lat' dir='ltr'><strong>Herlemensis</strong></span> <span class='ocrx_word' id='word_1_162' title='bbox 690 1609 793 1681; x_wconf 78' lang='lat' dir='ltr'><strong>Sparsa</strong></span> 
     </span>
     <span class='ocr_line' id='line_1_18' title="bbox 172 1683 793 1761; baseline -0.005 -18"><span class='ocrx_word' id='word_1_163' title='bbox 172 1693 214 1743; x_wconf 87' lang='lat' dir='ltr'><strong>est</strong></span> <span class='ocrx_word' id='word_1_164' title='bbox 233 1685 406 1761; x_wconf 79' lang='lat' dir='ltr'><strong>Sporeadom.</strong></span> <span class='ocrx_word' id='word_1_165' title='bbox 440 1684 480 1742; x_wconf 85' lang='lat' dir='ltr'><strong>cf.</strong></span> <span class='ocrx_word' id='word_1_166' title='bbox 501 1684 545 1742; x_wconf 92' lang='lat' dir='ltr'><strong>De</strong></span> <span class='ocrx_word' id='word_1_167' title='bbox 565 1683 645 1741; x_wconf 81' lang='lat' dir='ltr'><strong>kannt</strong></span> <span class='ocrx_word' id='word_1_168' title='bbox 656 1702 710 1740; x_wconf 83' lang='lat' dir='ltr'><strong>vsu</strong></span> <span class='ocrx_word' id='word_1_169' title='bbox 724 1683 793 1741; x_wconf 91' lang='lat' dir='ltr'><strong>Hol-</strong></span> 
     </span>
     <span class='ocr_line' id='line_1_19' title="bbox 172 1759 793 1836; baseline -0.005 -16"><span class='ocrx_word' id='word_1_170' title='bbox 172 1762 256 1820; x_wconf 89' lang='lat' dir='ltr'><strong>lsnds</strong></span> <span class='ocrx_word' id='word_1_171' title='bbox 282 1761 413 1819; x_wconf 89' lang='lat' dir='ltr'><strong>Noorder</strong></span> <span class='ocrx_word' id='word_1_172' title='bbox 437 1761 559 1836; x_wconf 87' lang='lat' dir='ltr'><strong>quartier</strong></span> <span class='ocrx_word' id='word_1_173' title='bbox 578 1761 608 1817; x_wconf 89' lang='lat' dir='ltr'><strong>in</strong></span> <span class='ocrx_word' id='word_1_174' title='bbox 630 1762 703 1817; x_wconf 78' lang='lat'>1288</span> <span class='ocrx_word' id='word_1_175' title='bbox 724 1759 793 1817; x_wconf 88' lang='lat' dir='ltr'><strong>door</strong></span> 
     </span>
     <span class='ocr_line' id='line_1_20' title="bbox 174 1835 793 1896; baseline -0.003 0"><span class='ocrx_word' id='word_1_176' title='bbox 174 1838 208 1896; x_wconf 91' lang='lat' dir='ltr'><strong>G.</strong></span> <span class='ocrx_word' id='word_1_177' title='bbox 230 1838 265 1895; x_wconf 92' lang='lat' dir='ltr'><strong>de</strong></span> <span class='ocrx_word' id='word_1_178' title='bbox 286 1837 374 1896; x_wconf 86' lang='lat' dir='ltr'><strong>Vries.</strong></span> <span class='ocrx_word' id='word_1_179' title='bbox 404 1839 476 1894; x_wconf 89' lang='lat' dir='ltr'><strong>Sunt</strong></span> <span class='ocrx_word' id='word_1_180' title='bbox 495 1843 523 1895; x_wconf 91' lang='lat' dir='ltr'><strong>et</strong></span> <span class='ocrx_word' id='word_1_181' title='bbox 542 1836 571 1894; x_wconf 91' lang='lat' dir='ltr'><strong>in</strong></span> <span class='ocrx_word' id='word_1_182' title='bbox 591 1836 683 1894; x_wconf 87' lang='lat' dir='ltr'><strong>media</strong></span> <span class='ocrx_word' id='word_1_183' title='bbox 703 1835 793 1895; x_wconf 86' lang='lat' dir='ltr'><strong>Frisis</strong></span> 
     </span>
    </p>
   </div>
   <div class='ocr_carea' id='block_1_3' title="bbox 154 1529 1489 2914">
    <p class='ocr_par' dir='ltr' id='par_1_4' title="bbox 865 1529 1489 2050">
     <span class='ocr_line' id='line_1_21' title="bbox 866 1529 1487 1607; baseline 0 -19"><span class='ocrx_word' id='word_1_184' title='bbox 866 1531 940 1588; x_wconf 79' lang='lat' dir='ltr'><strong>salet</strong></span> <span class='ocrx_word' id='word_1_185' title='bbox 954 1530 990 1588; x_wconf 88' lang='lat' dir='ltr'><strong>de</strong></span> <span class='ocrx_word' id='word_1_186' title='bbox 1003 1548 1086 1607; x_wconf 86' lang='lat' dir='ltr'><strong>equo.</strong></span> <span class='ocrx_word' id='word_1_187' title='bbox 1100 1530 1257 1604; x_wconf 80' lang='lat' dir='ltr'><strong>Damoteept</strong></span> <span class='ocrx_word' id='word_1_188' title='bbox 1269 1529 1380 1604; x_wconf 70' lang='lat' dir='ltr'><strong>lyam,</strong></span> <span class='ocrx_word' id='word_1_189' title='bbox 1393 1547 1487 1607; x_wconf 88' lang='lat' dir='ltr'><strong>equus</strong></span> 
     </span>
     <span class='ocr_line' id='line_1_22' title="bbox 866 1603 1489 1681; baseline -0.002 -16"><span class='ocrx_word' id='word_1_190' title='bbox 866 1606 1008 1665; x_wconf 88' lang='lat' dir='ltr'><strong>stabulum</strong></span> <span class='ocrx_word' id='word_1_191' title='bbox 1031 1607 1075 1664; x_wconf 88' lang='lat' dir='ltr'><strong>vel</strong></span> <span class='ocrx_word' id='word_1_192' title='bbox 1096 1605 1219 1664; x_wconf 87' lang='lat' dir='ltr'><strong>fundum</strong></span> <span class='ocrx_word' id='word_1_193' title='bbox 1239 1604 1337 1663; x_wconf 82' lang='lat' dir='ltr'><strong>rustici</strong></span> <span class='ocrx_word' id='word_1_194' title='bbox 1356 1603 1489 1681; x_wconf 86' lang='lat' dir='ltr'><strong>linquere</strong></span> 
     </span>
     <span class='ocr_line' id='line_1_23' title="bbox 866 1681 1487 1760; baseline 0 -18"><span class='ocrx_word' id='word_1_195' title='bbox 866 1684 978 1754; x_wconf 91' lang='lat' dir='ltr'><strong>uolens,</strong></span> <span class='ocrx_word' id='word_1_196' title='bbox 1009 1701 1098 1760; x_wconf 90' lang='lat' dir='ltr'><strong>equus</strong></span> <span class='ocrx_word' id='word_1_197' title='bbox 1123 1682 1197 1741; x_wconf 88' lang='lat' dir='ltr'><strong>iuter</strong></span> <span class='ocrx_word' id='word_1_198' title='bbox 1224 1681 1395 1741; x_wconf 76' lang='lat' dir='ltr'><strong>currendum</strong></span> <span class='ocrx_word' id='word_1_199' title='bbox 1419 1682 1487 1742; x_wconf 79' lang='lat' dir='ltr'><strong>ilico</strong></span> 
     </span>
     <span class='ocr_line' id='line_1_24' title="bbox 866 1757 1489 1836; baseline -0.003 -18"><span class='ocrx_word' id='word_1_200' title='bbox 866 1760 983 1836; x_wconf 85' lang='lat' dir='ltr'><strong>gradum</strong></span> <span class='ocrx_word' id='word_1_201' title='bbox 1005 1760 1107 1818; x_wconf 86' lang='lat' dir='ltr'><strong>sistens</strong></span> <span class='ocrx_word' id='word_1_202' title='bbox 1127 1766 1155 1818; x_wconf 94' lang='lat' dir='ltr'><strong>et</strong></span> <span class='ocrx_word' id='word_1_203' title='bbox 1174 1759 1249 1817; x_wconf 89' lang='lat' dir='ltr'><strong>ultra</strong></span> <span class='ocrx_word' id='word_1_204' title='bbox 1288 1758 1417 1817; x_wconf 89' lang='lat' dir='ltr'><strong>rooedere</strong></span> <span class='ocrx_word' id='word_1_205' title='bbox 1437 1757 1489 1818; x_wconf 87' lang='lat' dir='ltr'><strong>ob-</strong></span> 
     </span>
     <span class='ocr_line' id='line_1_25' title="bbox 865 1833 1487 1908; baseline 0 -13"><span class='ocrx_word' id='word_1_206' title='bbox 865 1837 966 1896; x_wconf 86' lang='lat' dir='ltr'><strong>stinate</strong></span> <span class='ocrx_word' id='word_1_207' title='bbox 986 1856 1125 1896; x_wconf 80' lang='lat' dir='ltr'><strong>recusans.</strong></span> <span class='ocrx_word' id='word_1_208' title='bbox 1154 1836 1233 1894; x_wconf 87' lang='lat' dir='ltr'><strong>le</strong></span> <span class='ocrx_word' id='word_1_209' title='bbox 1283 1836 1335 1906; x_wconf 79' lang='lat' dir='ltr'><strong>‘h,</strong></span> <span class='ocrx_word' id='word_1_210' title='bbox 1360 1833 1487 1908; x_wconf 84' lang='lat' dir='ltr'><strong>stabilis,</strong></span> 
     </span>
     <span class='ocr_line' id='line_1_26' title="bbox 866 1911 1486 1990; baseline 0 -18"><span class='ocrx_word' id='word_1_211' title='bbox 866 1915 977 1989; x_wconf 92' lang='lat' dir='ltr'><strong>(eodem</strong></span> <span class='ocrx_word' id='word_1_212' title='bbox 1000 1916 1060 1973; x_wconf 87' lang='lat' dir='ltr'><strong>loeo</strong></span> <span class='ocrx_word' id='word_1_213' title='bbox 1080 1914 1214 1973; x_wconf 86' lang='lat' dir='ltr'><strong>immotus</strong></span> <span class='ocrx_word' id='word_1_214' title='bbox 1233 1916 1322 1989; x_wconf 84' lang='lat' dir='ltr'><strong>stans)</strong></span> <span class='ocrx_word' id='word_1_215' title='bbox 1342 1911 1486 1990; x_wconf 80' lang='lat' dir='ltr'><strong>pertinax,</strong></span> 
     </span>
     <span class='ocr_line' id='line_1_27' title="bbox 865 1991 1107 2050; baseline 0.004 -1"><span class='ocrx_word' id='word_1_216' title='bbox 865 1991 1031 2050; x_wconf 85' lang='lat' dir='ltr'><strong>obstinatus.</strong></span> <span class='ocrx_word' id='word_1_217' title='bbox 1051 1991 1107 2050; x_wconf 90' lang='lat' dir='ltr'><strong>Kil.</strong></span> 
     </span>
    </p>

    <p class='ocr_par' dir='ltr' id='par_1_5' title="bbox 154 2065 1488 2530">
     <span class='ocr_line' id='line_1_28' title="bbox 175 2065 1484 2145; baseline 0.001 -20"><span class='ocrx_word' id='word_1_218' title='bbox 175 2067 226 2126; x_wconf 88' lang='lat' dir='ltr'><strong>bns</strong></span> <span class='ocrx_word' id='word_1_219' title='bbox 252 2087 355 2126; x_wconf 89' lang='lat' dir='ltr'><strong>nomen</strong></span> <span class='ocrx_word' id='word_1_220' title='bbox 381 2068 473 2125; x_wconf 84' lang='lat' dir='ltr'><strong>daem:</strong></span> <span class='ocrx_word' id='word_1_221' title='bbox 503 2087 544 2126; x_wconf 84' lang='lat' dir='ltr'><strong>ex.</strong></span> <span class='ocrx_word' id='word_1_222' title='bbox 568 2086 609 2144; x_wconf 91' lang='lat' dir='ltr'><strong>gr.</strong></span> <span class='ocrx_word' id='word_1_223' title='bbox 628 2067 791 2137; x_wconf 74' lang='lat' dir='ltr'><strong>Hert-daem,</strong></span> <span class='ocrx_word' id='word_1_224' title='bbox 827 2068 1071 2145; x_wconf 85' lang='lat' dir='ltr'><strong>stryk·daem,</strong></span> <span class='ocrx_word' id='word_1_225' title='bbox 1101 2087 1143 2144; x_wconf 90' lang='lat' dir='ltr'><strong>eg.</strong></span> <span class='ocrx_word' id='word_1_226' title='bbox 1169 2086 1275 2126; x_wconf 88' lang='lat' dir='ltr'><strong>asseres</strong></span> <span class='ocrx_word' id='word_1_227' title='bbox 1302 2066 1355 2125; x_wconf 85' lang='lat' dir='ltr'><strong>rite</strong></span> <span class='ocrx_word' id='word_1_228' title='bbox 1381 2065 1484 2137; x_wconf 86' lang='lat' dir='ltr'><strong>dolati,</strong></span> 
     </span>
     <span class='ocr_line' id='line_1_29' title="bbox 172 2142 1488 2221; baseline 0 -18"><span class='ocrx_word' id='word_1_229' title='bbox 172 2143 243 2204; x_wconf 70' lang='lat' dir='ltr'><strong>uu.</strong></span> <span class='ocrx_word' id='word_1_230' title='bbox 269 2145 417 2203; x_wconf 82' lang='lat' dir='ltr'><strong>Heni-dom</strong></span> <span class='ocrx_word' id='word_1_231' title='bbox 445 2144 476 2202; x_wconf 94' lang='lat' dir='ltr'><strong>iu</strong></span> <span class='ocrx_word' id='word_1_232' title='bbox 508 2163 580 2221; x_wconf 84' lang='lat' dir='ltr'><strong>pago</strong></span> <span class='ocrx_word' id='word_1_233' title='bbox 613 2144 792 2220; x_wconf 88' lang='lat' dir='ltr'><strong>Smallinger·</strong></span> <span class='ocrx_word' id='word_1_234' title='bbox 865 2151 940 2204; x_wconf 88' lang='lat' dir='ltr'><strong>arete</strong></span> <span class='ocrx_word' id='word_1_235' title='bbox 968 2145 1042 2204; x_wconf 90' lang='lat' dir='ltr'><strong>linea</strong></span> <span class='ocrx_word' id='word_1_236' title='bbox 1061 2151 1137 2203; x_wconf 88' lang='lat' dir='ltr'><strong>reeta</strong></span> <span class='ocrx_word' id='word_1_237' title='bbox 1155 2144 1309 2204; x_wconf 88' lang='lat' dir='ltr'><strong>seeundum</strong></span> <span class='ocrx_word' id='word_1_238' title='bbox 1328 2142 1421 2202; x_wconf 90' lang='lat' dir='ltr'><strong>trabes</strong></span> <span class='ocrx_word' id='word_1_239' title='bbox 1440 2143 1488 2203; x_wconf 86' lang='lat' dir='ltr'><strong>fia·</strong></span> 
     </span>
     <span class='ocr_line' id='line_1_30' title="bbox 172 2218 1486 2301; baseline 0 -21"><span class='ocrx_word' id='word_1_240' title='bbox 172 2221 283 2292; x_wconf 86' lang='lat' dir='ltr'><strong>landie;</strong></span> <span class='ocrx_word' id='word_1_241' title='bbox 310 2221 552 2290; x_wconf 80' lang='lat' dir='ltr'><strong>Galama-domme,</strong></span> <span class='ocrx_word' id='word_1_242' title='bbox 579 2221 622 2280; x_wconf 86' lang='lat' dir='ltr'><strong>vel</strong></span> <span class='ocrx_word' id='word_1_243' title='bbox 647 2221 792 2292; x_wconf 84' lang='lat' dir='ltr'><strong>-dammen,</strong></span> <span class='ocrx_word' id='word_1_244' title='bbox 866 2228 974 2281; x_wconf 87' lang='lat' dir='ltr'><strong>tuentes</strong></span> <span class='ocrx_word' id='word_1_245' title='bbox 988 2221 1141 2301; x_wconf 87' lang='lat' dir='ltr'><strong>eompneli,</strong></span> <span class='ocrx_word' id='word_1_246' title='bbox 1159 2240 1210 2299; x_wconf 90' lang='lat' dir='ltr'><strong>per</strong></span> <span class='ocrx_word' id='word_1_247' title='bbox 1223 2222 1326 2279; x_wconf 87' lang='lat' dir='ltr'><strong>fossam</strong></span> <span class='ocrx_word' id='word_1_248' title='bbox 1339 2218 1486 2299; x_wconf 86' lang='lat' dir='ltr'><strong>aquariam</strong></span> 
     </span>
     <span class='ocr_line' id='line_1_31' title="bbox 171 2297 1487 2377; baseline 0 -21"><span class='ocrx_word' id='word_1_249' title='bbox 171 2298 201 2357; x_wconf 92' lang='lat' dir='ltr'><strong>in</strong></span> <span class='ocrx_word' id='word_1_250' title='bbox 228 2317 301 2377; x_wconf 90' lang='lat' dir='ltr'><strong>pago</strong></span> <span class='ocrx_word' id='word_1_251' title='bbox 327 2298 509 2357; x_wconf 90' lang='lat' dir='ltr'><strong>Hemelnmer</strong></span> <span class='ocrx_word' id='word_1_252' title='bbox 536 2297 690 2357; x_wconf 79' lang='lat' dir='ltr'><strong>Oldelaert</strong></span> <span class='ocrx_word' id='word_1_253' title='bbox 720 2297 792 2355; x_wconf 83' lang='lat' dir='ltr'><strong>Aliis</strong></span> <span class='ocrx_word' id='word_1_254' title='bbox 866 2299 1028 2369; x_wconf 83' lang='lat' dir='ltr'><strong>transversi,</strong></span> <span class='ocrx_word' id='word_1_255' title='bbox 1056 2318 1092 2358; x_wconf 90' lang='lat' dir='ltr'><strong>ne</strong></span> <span class='ocrx_word' id='word_1_256' title='bbox 1118 2306 1197 2374; x_wconf 87' lang='lat' dir='ltr'><strong>gutta</strong></span> <span class='ocrx_word' id='word_1_257' title='bbox 1223 2297 1336 2374; x_wconf 89' lang='lat' dir='ltr'><strong>quidem</strong></span> <span class='ocrx_word' id='word_1_258' title='bbox 1361 2303 1487 2356; x_wconf 84' lang='lat' dir='ltr'><strong>trauseat</strong></span> 
     </span>
     <span class='ocr_line' id='line_1_32' title="bbox 154 2374 1486 2454; baseline 0 -21"><span class='ocrx_word' id='word_1_259' title='bbox 154 2375 241 2433; x_wconf 85' lang='lat' dir='ltr'><strong>&#39;vicis</strong></span> <span class='ocrx_word' id='word_1_260' title='bbox 269 2393 371 2433; x_wconf 89' lang='lat' dir='ltr'><strong>nomen</strong></span> <span class='ocrx_word' id='word_1_261' title='bbox 399 2380 442 2433; x_wconf 87' lang='lat' dir='ltr'><strong>est</strong></span> <span class='ocrx_word' id='word_1_262' title='bbox 467 2394 483 2433; x_wconf 87' lang='lat' dir='ltr'><strong>a</strong></span> <span class='ocrx_word' id='word_1_263' title='bbox 503 2375 564 2452; x_wconf 90' lang='lat' dir='ltr'><strong>ripa</strong></span> <span class='ocrx_word' id='word_1_264' title='bbox 584 2374 630 2433; x_wconf 88' lang='lat' dir='ltr'><strong>eui</strong></span> <span class='ocrx_word' id='word_1_265' title='bbox 650 2374 793 2449; x_wconf 85' lang='lat' dir='ltr'><strong>adjacent;</strong></span> <span class='ocrx_word' id='word_1_266' title='bbox 864 2376 894 2435; x_wconf 92' lang='lat' dir='ltr'><strong>in</strong></span> <span class='ocrx_word' id='word_1_267' title='bbox 914 2381 1023 2454; x_wconf 86' lang='lat' dir='ltr'><strong>portem</strong></span> <span class='ocrx_word' id='word_1_268' title='bbox 1043 2395 1125 2453; x_wconf 90' lang='lat' dir='ltr'><strong>aquae</strong></span> <span class='ocrx_word' id='word_1_269' title='bbox 1145 2393 1260 2434; x_wconf 83' lang='lat' dir='ltr'><strong>vaenum</strong></span> <span class='ocrx_word' id='word_1_270' title='bbox 1280 2380 1309 2432; x_wconf 88' lang='lat' dir='ltr'><strong>et</strong></span> <span class='ocrx_word' id='word_1_271' title='bbox 1325 2392 1404 2434; x_wconf 88' lang='lat' dir='ltr'><strong>ooeno</strong></span> <span class='ocrx_word' id='word_1_272' title='bbox 1416 2393 1486 2452; x_wconf 89' lang='lat' dir='ltr'><strong>pur·</strong></span> 
     </span>
     <span class='ocr_line' id='line_1_33' title="bbox 171 2450 995 2530; baseline 0.001 -20"><span class='ocrx_word' id='word_1_273' title='bbox 171 2471 209 2511; x_wconf 89' lang='lat' dir='ltr'><strong>so.</strong></span> <span class='ocrx_word' id='word_1_274' title='bbox 229 2451 295 2522; x_wconf 70' lang='lat' dir='ltr'><strong>nol,</strong></span> <span class='ocrx_word' id='word_1_275' title='bbox 324 2470 366 2510; x_wconf 87' lang='lat' dir='ltr'><strong>ex.</strong></span> <span class='ocrx_word' id='word_1_276' title='bbox 385 2471 426 2527; x_wconf 86' lang='lat' dir='ltr'><strong>gr.</strong></span> <span class='ocrx_word' id='word_1_277' title='bbox 449 2452 601 2510; x_wconf 68' lang='lat' dir='ltr'><strong>Krete-sodi</strong></span> <span class='ocrx_word' id='word_1_278' title='bbox 625 2450 654 2509; x_wconf 91' lang='lat' dir='ltr'><strong>in</strong></span> <span class='ocrx_word' id='word_1_279' title='bbox 675 2450 792 2510; x_wconf 89' lang='lat' dir='ltr'><strong>Wouse-</strong></span> <span class='ocrx_word' id='word_1_280' title='bbox 865 2453 995 2530; x_wconf 89' lang='lat' dir='ltr'><strong>gandam.</strong></span> 
     </span>
    </p>

    <p class='ocr_par' dir='ltr' id='par_1_6' title="bbox 169 2527 1485 2914">
     <span class='ocr_line' id='line_1_34' title="bbox 172 2527 1484 2600; baseline -0.001 -11"><span class='ocrx_word' id='word_1_281' title='bbox 172 2528 281 2597; x_wconf 86' lang='lat' dir='ltr'><strong>radela;</strong></span> <span class='ocrx_word' id='word_1_282' title='bbox 308 2528 475 2598; x_wconf 62' lang='lat' dir='ltr'><strong>Heres-rosit,</strong></span> <span class='ocrx_word' id='word_1_283' title='bbox 505 2528 583 2586; x_wconf 79' lang='lat' dir='ltr'><strong>niens</strong></span> <span class='ocrx_word' id='word_1_284' title='bbox 603 2527 710 2586; x_wconf 85' lang='lat' dir='ltr'><strong>ricinus</strong></span> <span class='ocrx_word' id='word_1_285' title='bbox 731 2528 792 2586; x_wconf 83' lang='lat' dir='ltr'><strong>vion</strong></span> <span class='ocrx_word' id='word_1_286' title='bbox 827 2529 1006 2600; x_wconf 85' lang='lat' dir='ltr'><strong>dam-rak,</strong></span> <span class='ocrx_word' id='word_1_287' title='bbox 1033 2527 1091 2587; x_wconf 83' lang='lat' dir='ltr'><strong>vel·</strong></span> <span class='ocrx_word' id='word_1_288' title='bbox 1112 2528 1187 2600; x_wconf 84' lang='lat' dir='ltr'><strong>rek,</strong></span> <span class='ocrx_word' id='word_1_289' title='bbox 1207 2546 1235 2587; x_wconf 91' lang='lat' dir='ltr'><strong>n.</strong></span> <span class='ocrx_word' id='word_1_290' title='bbox 1255 2527 1357 2587; x_wconf 88' lang='lat' dir='ltr'><strong>naualis</strong></span> <span class='ocrx_word' id='word_1_291' title='bbox 1377 2527 1484 2588; x_wconf 85' lang='lat' dir='ltr'><strong>duoeus</strong></span> 
     </span>
     <span class='ocr_line' id='line_1_35' title="bbox 170 2604 1485 2683; baseline -0.001 -18"><span class='ocrx_word' id='word_1_292' title='bbox 170 2606 381 2682; x_wconf 61' lang='lat' dir='ltr'><strong>Hedrrenfeos.</strong></span> <span class='ocrx_word' id='word_1_293' title='bbox 429 2604 622 2664; x_wconf 86' lang='lat' dir='ltr'><strong>Diversorium</strong></span> <span class='ocrx_word' id='word_1_294' title='bbox 660 2604 689 2661; x_wconf 82' lang='lat' dir='ltr'><strong>ds‘</strong></span> <span class='ocrx_word' id='word_1_295' title='bbox 721 2604 792 2662; x_wconf 76' lang='lat' dir='ltr'><strong>silde-</strong></span> <span class='ocrx_word' id='word_1_296' title='bbox 865 2608 900 2666; x_wconf 89' lang='lat' dir='ltr'><strong>ab</strong></span> <span class='ocrx_word' id='word_1_297' title='bbox 932 2625 1033 2683; x_wconf 79' lang='lat' dir='ltr'><strong>aggere</strong></span> <span class='ocrx_word' id='word_1_298' title='bbox 1064 2605 1315 2664; x_wconf 84' lang='lat' dir='ltr'><strong>Amslelodameusi</strong></span> <span class='ocrx_word' id='word_1_299' title='bbox 1346 2604 1375 2663; x_wconf 91' lang='lat' dir='ltr'><strong>in</strong></span> <span class='ocrx_word' id='word_1_300' title='bbox 1403 2605 1485 2664; x_wconf 89' lang='lat' dir='ltr'><strong>emis·</strong></span> 
     </span>
     <span class='ocr_line' id='line_1_36' title="bbox 171 2680 1484 2758; baseline 0 -17"><span class='ocrx_word' id='word_1_301' title='bbox 171 2683 255 2742; x_wconf 63' lang='lat' dir='ltr'><strong>sdan</strong></span> <span class='ocrx_word' id='word_1_302' title='bbox 294 2701 395 2741; x_wconf 90' lang='lat' dir='ltr'><strong>nomen</strong></span> <span class='ocrx_word' id='word_1_303' title='bbox 434 2680 518 2739; x_wconf 87' lang='lat' dir='ltr'><strong>hebet</strong></span> <span class='ocrx_word' id='word_1_304' title='bbox 549 2701 566 2740; x_wconf 90' lang='lat' dir='ltr'><strong>a</strong></span> <span class='ocrx_word' id='word_1_305' title='bbox 598 2682 698 2758; x_wconf 83' lang='lat' dir='ltr'><strong>cymba</strong></span> <span class='ocrx_word' id='word_1_306' title='bbox 733 2700 792 2740; x_wconf 89' lang='lat' dir='ltr'><strong>ma·</strong></span> <span class='ocrx_word' id='word_1_307' title='bbox 864 2682 970 2742; x_wconf 89' lang='lat' dir='ltr'><strong>surium</strong></span> <span class='ocrx_word' id='word_1_308' title='bbox 996 2681 1033 2742; x_wconf 91' lang='lat' dir='ltr'><strong>ad</strong></span> <span class='ocrx_word' id='word_1_309' title='bbox 1053 2683 1156 2742; x_wconf 85' lang='lat' dir='ltr'><strong>flumen</strong></span> <span class='ocrx_word' id='word_1_310' title='bbox 1176 2683 1261 2752; x_wconf 88' lang='lat' dir='ltr'><strong>Yam,</strong></span> <span class='ocrx_word' id='word_1_311' title='bbox 1288 2681 1353 2741; x_wconf 87' lang='lat' dir='ltr'><strong>Hel.</strong></span> <span class='ocrx_word' id='word_1_312' title='bbox 1372 2683 1417 2741; x_wconf 77' lang='lat' dir='ltr'><strong>leet</strong></span> <span class='ocrx_word' id='word_1_313' title='bbox 1440 2684 1484 2741; x_wconf 72' lang='grc' dir='ltr'><strong>ΙΙ.</strong></span> 
     </span>
     <span class='ocr_line' id='line_1_37' title="bbox 169 2757 1485 2837; baseline 0 -19"><span class='ocrx_word' id='word_1_314' title='bbox 169 2760 246 2835; x_wconf 90' lang='lat' dir='ltr'><strong>jore,</strong></span> <span class='ocrx_word' id='word_1_315' title='bbox 276 2778 333 2836; x_wconf 89' lang='lat' dir='ltr'><strong>qua</strong></span> <span class='ocrx_word' id='word_1_316' title='bbox 362 2778 464 2836; x_wconf 84' lang='lat' dir='ltr'><strong>penus,</strong></span> <span class='ocrx_word' id='word_1_317' title='bbox 494 2759 627 2829; x_wconf 84' lang='lat' dir='ltr'><strong>viatores,</strong></span> <span class='ocrx_word' id='word_1_318' title='bbox 653 2757 792 2817; x_wconf 80' lang='lat' dir='ltr'><strong>vehicula·</strong></span> <span class='ocrx_word' id='word_1_319' title='bbox 866 2760 898 2820; x_wconf 72' lang='lat' dir='ltr'><strong>ll.</strong></span> <span class='ocrx_word' id='word_1_320' title='bbox 923 2761 990 2831; x_wconf 78' lang='lat' dir='ltr'><strong>rak,</strong></span> <span class='ocrx_word' id='word_1_321' title='bbox 1016 2761 1077 2831; x_wconf 83' lang='lat' dir='ltr'><strong>rele,</strong></span> <span class='ocrx_word' id='word_1_322' title='bbox 1103 2759 1228 2837; x_wconf 89' lang='lat' dir='ltr'><strong>spatium</strong></span> <span class='ocrx_word' id='word_1_323' title='bbox 1252 2765 1359 2817; x_wconf 87' lang='lat' dir='ltr'><strong>eertum</strong></span> <span class='ocrx_word' id='word_1_324' title='bbox 1379 2758 1485 2818; x_wconf 86' lang='lat' dir='ltr'><strong>canalis</strong></span> 
     </span>
     <span class='ocr_line' id='line_1_38' title="bbox 172 2834 1484 2914; baseline -0.001 -19"><span class='ocrx_word' id='word_1_325' title='bbox 172 2855 227 2913; x_wconf 91' lang='lat' dir='ltr'><strong>que</strong></span> <span class='ocrx_word' id='word_1_326' title='bbox 258 2856 344 2914; x_wconf 90' lang='lat' dir='ltr'><strong>super</strong></span> <span class='ocrx_word' id='word_1_327' title='bbox 371 2836 487 2895; x_wconf 86' lang='lat' dir='ltr'><strong>fluvium</strong></span> <span class='ocrx_word' id='word_1_328' title='bbox 513 2836 673 2913; x_wconf 87' lang='lat' dir='ltr'><strong>proximum</strong></span> <span class='ocrx_word' id='word_1_329' title='bbox 699 2834 792 2895; x_wconf 77' lang='lat' dir='ltr'><strong>tradu</strong></span> <span class='ocrx_word' id='word_1_330' title='bbox 864 2837 985 2896; x_wconf 85' lang='lat' dir='ltr'><strong>flexuosi</strong></span> <span class='ocrx_word' id='word_1_331' title='bbox 1010 2855 1162 2914; x_wconf 91' lang='lat' dir='ltr'><strong>perquem</strong></span> <span class='ocrx_word' id='word_1_332' title='bbox 1182 2855 1267 2895; x_wconf 86' lang='lat' dir='ltr'><strong>naves</strong></span> <span class='ocrx_word' id='word_1_333' title='bbox 1287 2835 1436 2896; x_wconf 81' lang='lat' dir='ltr'><strong>velificant:</strong></span> <span class='ocrx_word' id='word_1_334' title='bbox 1457 2836 1484 2894; x_wconf 80' lang='lat' dir='ltr'><strong>’ss</strong></span> 
     </span>
    </p>
   </div>
   <div class='ocr_carea' id='block_1_4' title="bbox 173 1912 793 2068">
    <p class='ocr_par' dir='ltr' id='par_1_7' title="bbox 173 1912 793 2068">
     <span class='ocr_line' id='line_1_39' title="bbox 174 1912 793 1991; baseline -0.002 -19"><span class='ocrx_word' id='word_1_335' title='bbox 174 1914 332 1985; x_wconf 88' lang='lat' dir='ltr'><strong>emissaria,</strong></span> <span class='ocrx_word' id='word_1_336' title='bbox 357 1913 393 1971; x_wconf 91' lang='lat' dir='ltr'><strong>ad</strong></span> <span class='ocrx_word' id='word_1_337' title='bbox 421 1933 541 1990; x_wconf 90' lang='lat' dir='ltr'><strong>quorum</strong></span> <span class='ocrx_word' id='word_1_338' title='bbox 561 1912 650 1991; x_wconf 87' lang='lat' dir='ltr'><strong>ripam</strong></span> <span class='ocrx_word' id='word_1_339' title='bbox 671 1912 793 1973; x_wconf 85' lang='lat' dir='ltr'><strong>diverso·</strong></span> 
     </span>
     <span class='ocr_line' id='line_1_40' title="bbox 173 1989 793 2068; baseline -0.003 -19"><span class='ocrx_word' id='word_1_340' title='bbox 173 1991 215 2049; x_wconf 89' lang='lat' dir='ltr'><strong>ria</strong></span> <span class='ocrx_word' id='word_1_341' title='bbox 240 1991 352 2068; x_wconf 88' lang='lat' dir='ltr'><strong>aliaque</strong></span> <span class='ocrx_word' id='word_1_342' title='bbox 372 1989 488 2049; x_wconf 69' lang='lat' dir='ltr'><strong>{edificia</strong></span> <span class='ocrx_word' id='word_1_343' title='bbox 507 1991 702 2062; x_wconf 82' lang='lat' dir='ltr'><strong>inveniuntur,</strong></span> <span class='ocrx_word' id='word_1_344' title='bbox 733 1989 793 2068; x_wconf 90' lang='lat' dir='ltr'><strong>qui·</strong></span> 
     </span>
    </p>
   </div>
   <div class='ocr_carea' id='block_1_5' title="bbox 172 2914 792 3066">
    <p class='ocr_par' dir='ltr' id='par_1_8' title="bbox 172 2914 792 3066">
     <span class='ocr_line' id='line_1_41' title="bbox 172 2914 280 2972; baseline 0.009 -1"><span class='ocrx_word' id='word_1_345' title='bbox 172 2914 280 2972; x_wconf 82' lang='lat' dir='ltr'><strong>cebant.</strong></span> 
     </span>
     <span class='ocr_line' id='line_1_42' title="bbox 210 2988 792 3066; baseline -0.003 -17"><span class='ocrx_word' id='word_1_346' title='bbox 210 2990 285 3049; x_wconf 85' lang='lat' dir='ltr'><strong>Note</strong></span> <span class='ocrx_word' id='word_1_347' title='bbox 306 2994 347 3047; x_wconf 85' lang='lat' dir='ltr'><strong>est</strong></span> <span class='ocrx_word' id='word_1_348' title='bbox 366 2989 395 3047; x_wconf 91' lang='lat' dir='ltr'><strong>in</strong></span> <span class='ocrx_word' id='word_1_349' title='bbox 415 2988 519 3064; x_wconf 90' lang='lat' dir='ltr'><strong>linguis</strong></span> <span class='ocrx_word' id='word_1_350' title='bbox 538 2990 644 3064; x_wconf 90' lang='lat' dir='ltr'><strong>figura,</strong></span> <span class='ocrx_word' id='word_1_351' title='bbox 668 3008 724 3066; x_wconf 89' lang='lat' dir='ltr'><strong>qua</strong></span> <span class='ocrx_word' id='word_1_352' title='bbox 743 3007 792 3047; x_wconf 93' lang='lat' dir='ltr'><strong>no·</strong></span> 
     </span>
    </p>
   </div>
   <div class='ocr_carea' id='block_1_6' title="bbox 864 2913 1484 3049">
    <p class='ocr_par' dir='ltr' id='par_1_9' title="bbox 864 2913 1484 3049">
     <span class='ocr_line' id='line_1_43' title="bbox 864 2913 1484 2992; baseline -0.002 -19"><span class='ocrx_word' id='word_1_353' title='bbox 864 2917 913 2973; x_wconf 81' lang='lat' dir='ltr'><strong>rak</strong></span> <span class='ocrx_word' id='word_1_354' title='bbox 928 2935 966 2992; x_wconf 75' lang='lat' dir='ltr'><strong>pn</strong></span> <span class='ocrx_word' id='word_1_355' title='bbox 985 2913 1009 2971; x_wconf 85' lang='lat' dir='ltr'><strong>&#39;e</strong></span> <span class='ocrx_word' id='word_1_356' title='bbox 1027 2933 1098 2991; x_wconf 76' lang='lat' dir='ltr'><strong>mys,</strong></span> <span class='ocrx_word' id='word_1_357' title='bbox 1118 2913 1221 2972; x_wconf 83' lang='lat' dir='ltr'><strong>annalis</strong></span> <span class='ocrx_word' id='word_1_358' title='bbox 1242 2931 1306 2990; x_wconf 88' lang='lat' dir='ltr'><strong>pars</strong></span> <span class='ocrx_word' id='word_1_359' title='bbox 1320 2913 1400 2989; x_wconf 81' lang='lat' dir='ltr'><strong>enjus</strong></span> <span class='ocrx_word' id='word_1_360' title='bbox 1412 2918 1484 2972; x_wconf 86' lang='lat' dir='ltr'><strong>trao-</strong></span> 
     </span>
     <span class='ocr_line' id='line_1_44' title="bbox 865 2989 1326 3049; baseline 0 0"><span class='ocrx_word' id='word_1_361' title='bbox 865 2996 910 3049; x_wconf 88' lang='lat' dir='ltr'><strong>tus</strong></span> <span class='ocrx_word' id='word_1_362' title='bbox 930 2997 1044 3049; x_wconf 84' lang='lat' dir='ltr'><strong>ventum</strong></span> <span class='ocrx_word' id='word_1_363' title='bbox 1065 2989 1150 3049; x_wconf 86' lang='lat' dir='ltr'><strong>hebet</strong></span> <span class='ocrx_word' id='word_1_364' title='bbox 1168 2989 1326 3049; x_wconf 85' lang='lat' dir='ltr'><strong>adversum.</strong></span> 
     </span>
    </p>
   </div>
   <div class='ocr_carea' id='block_1_7' title="bbox 173 3064 1483 3145">
    <p class='ocr_par' dir='ltr' id='par_1_10' title="bbox 173 3064 1483 3145">
     <span class='ocr_line' id='line_1_45' title="bbox 173 3064 1483 3145; baseline 0.002 -22"><span class='ocrx_word' id='word_1_365' title='bbox 173 3066 213 3124; x_wconf 92' lang='lat' dir='ltr'><strong>tio</strong></span> <span class='ocrx_word' id='word_1_366' title='bbox 240 3065 345 3125; x_wconf 79' lang='lat' dir='ltr'><strong>alliud</strong></span> <span class='ocrx_word' id='word_1_367' title='bbox 366 3084 427 3123; x_wconf 91' lang='lat' dir='ltr'><strong>eam</strong></span> <span class='ocrx_word' id='word_1_368' title='bbox 448 3066 587 3142; x_wconf 85' lang='lat' dir='ltr'><strong>depressi,</strong></span> <span class='ocrx_word' id='word_1_369' title='bbox 617 3066 695 3142; x_wconf 91' lang='lat' dir='ltr'><strong>quod</strong></span> <span class='ocrx_word' id='word_1_370' title='bbox 710 3065 791 3140; x_wconf 83' lang='lat' dir='ltr'><strong>juxto</strong></span> <span class='ocrx_word' id='word_1_371' title='bbox 826 3068 902 3127; x_wconf 87' lang='lat' dir='ltr'><strong>dam</strong></span> <span class='ocrx_word' id='word_1_372' title='bbox 909 3068 957 3143; x_wconf 88' lang='lat' dir='ltr'><strong>je,</strong></span> <span class='ocrx_word' id='word_1_373' title='bbox 982 3067 1059 3126; x_wconf 72' lang='lat' dir='ltr'><strong>vbm.</strong></span> <span class='ocrx_word' id='word_1_374' title='bbox 1079 3086 1115 3143; x_wconf 84' lang='lat' dir='ltr'><strong>eg</strong></span> <span class='ocrx_word' id='word_1_375' title='bbox 1134 3085 1210 3125; x_wconf 88' lang='lat' dir='ltr'><strong>erem</strong></span> <span class='ocrx_word' id='word_1_376' title='bbox 1229 3085 1373 3145; x_wconf 90' lang='lat' dir='ltr'><strong>opponere</strong></span> <span class='ocrx_word' id='word_1_377' title='bbox 1392 3064 1483 3144; x_wconf 89' lang='lat' dir='ltr'><strong>aquis.</strong></span> 
     </span>
    </p>
   </div>
   <div class='ocr_carea' id='block_1_8' title="bbox 172 3141 790 3308">
    <p class='ocr_par' dir='ltr' id='par_1_11' title="bbox 172 3141 790 3308">
     <span class='ocr_line' id='line_1_46' title="bbox 172 3141 790 3275; baseline -0.002 -74"><span class='ocrx_word' id='word_1_378' title='bbox 172 3148 228 3212; x_wconf 87' lang='lat' dir='ltr'><strong>est,</strong></span> <span class='ocrx_word' id='word_1_379' title='bbox 259 3141 420 3211; x_wconf 88' lang='lat' dir='ltr'><strong>deseendit;</strong></span> <span class='ocrx_word' id='word_1_380' title='bbox 450 3161 491 3200; x_wconf 86' lang='lat' dir='ltr'><strong>ex.</strong></span> <span class='ocrx_word' id='word_1_381' title='bbox 512 3162 562 3275; x_wconf 61' lang='lat' dir='ltr'><strong>agr.</strong></span> <span class='ocrx_word' id='word_1_382' title='bbox 587 3142 618 3200; x_wconf 82' lang='lat' dir='ltr'><strong>F.</strong></span> <span class='ocrx_word' id='word_1_383' title='bbox 644 3142 712 3219; x_wconf 80' lang='lat' dir='ltr'><strong>dple,</strong></span> <span class='ocrx_word' id='word_1_384' title='bbox 743 3141 790 3200; x_wconf 93' lang='lat' dir='ltr'><strong>Nl.</strong></span> 
     </span>
     <span class='ocr_line' id='line_1_47' title="bbox 172 3218 790 3308; baseline -0.002 -31"><span class='ocrx_word' id='word_1_385' title='bbox 172 3219 242 3293; x_wconf 85' lang='lat' dir='ltr'><strong>dijk,</strong></span> <span class='ocrx_word' id='word_1_386' title='bbox 277 3238 376 3308; x_wconf 72' lang='lat' dir='ltr'><strong>anger,</strong></span> <span class='ocrx_word' id='word_1_387' title='bbox 410 3219 483 3294; x_wconf 81' lang='lat' dir='ltr'><strong>Ang.</strong></span> <span class='ocrx_word' id='word_1_388' title='bbox 531 3220 587 3288; x_wconf 81' lang='lat' dir='ltr'><strong>ile,</strong></span> <span class='ocrx_word' id='word_1_389' title='bbox 619 3218 673 3276; x_wconf 89' lang='lat' dir='ltr'><strong>sub</strong></span> <span class='ocrx_word' id='word_1_390' title='bbox 703 3218 790 3277; x_wconf 86' lang='lat' dir='ltr'><strong>altera</strong></span> 
     </span>
    </p>
   </div>
   <div class='ocr_carea' id='block_1_9' title="bbox 864 3143 1482 3298">
    <p class='ocr_par' dir='ltr' id='par_1_12' title="bbox 864 3143 1482 3298">
     <span class='ocr_line' id='line_1_48' title="bbox 864 3143 1482 3220; baseline -0.002 -17"><span class='ocrx_word' id='word_1_391' title='bbox 864 3146 920 3203; x_wconf 86' lang='lat' dir='ltr'><strong>Sel.</strong></span> <span class='ocrx_word' id='word_1_392' title='bbox 940 3143 1037 3219; x_wconf 67' lang='lat' dir='ltr'><strong>domja,</strong></span> <span class='ocrx_word' id='word_1_393' title='bbox 1056 3143 1089 3203; x_wconf 84' lang='grc' dir='ltr'><strong>Ε.</strong></span> <span class='ocrx_word' id='word_1_394' title='bbox 1143 3146 1241 3204; x_wconf 78' lang='lat'><strong>,208.</strong></span> <span class='ocrx_word' id='word_1_395' title='bbox 1268 3143 1482 3220; x_wconf 76' lang='lat' dir='ltr'><strong>Agadsmstars,</strong></span> 
     </span>
     <span class='ocr_line' id='line_1_49' title="bbox 864 3220 1073 3298; baseline -0.014 -18"><span class='ocrx_word' id='word_1_396' title='bbox 864 3223 935 3298; x_wconf 83' lang='lat' dir='ltr'><strong>Aug.</strong></span> <span class='ocrx_word' id='word_1_397' title='bbox 956 3225 983 3279; x_wconf 81' lang='lat' dir='ltr'><strong>to</strong></span> <span class='ocrx_word' id='word_1_398' title='bbox 1003 3220 1073 3278; x_wconf 82' lang='lat' dir='ltr'><strong>dom.</strong></span> 
     </span>
    </p>
   </div>
   <div class='ocr_carea' id='block_1_10' title="bbox 172 3266 1483 3371">
    <p class='ocr_par' dir='ltr' id='par_1_13' title="bbox 172 3266 1483 3371">
     <span class='ocr_line' id='line_1_50' title="bbox 172 3266 1483 3371; baseline 0.002 -17"><span class='ocrx_word' id='word_1_399' title='bbox 172 3296 262 3354; x_wconf 84' lang='lat' dir='ltr'><strong>forma</strong></span> <span class='ocrx_word' id='word_1_400' title='bbox 287 3266 360 3353; x_wconf 65' lang='lat' dir='ltr'><strong>delei</strong></span> <span class='ocrx_word' id='word_1_401' title='bbox 387 3295 504 3371; x_wconf 81' lang='lat' dir='ltr'><strong>Anglioe</strong></span> <span class='ocrx_word' id='word_1_402' title='bbox 528 3300 569 3354; x_wconf 89' lang='lat' dir='ltr'><strong>est</strong></span> <span class='ocrx_word' id='word_1_403' title='bbox 593 3296 675 3355; x_wconf 86' lang='lat' dir='ltr'><strong>fossa.</strong></span> <span class='ocrx_word' id='word_1_404' title='bbox 705 3295 790 3371; x_wconf 76' lang='lat' dir='ltr'><strong>Qum·</strong></span> <span class='ocrx_word' id='word_1_405' title='bbox 826 3299 973 3369; x_wconf 85' lang='lat' dir='ltr'><strong>domme,</strong></span> <span class='ocrx_word' id='word_1_406' title='bbox 992 3296 1065 3355; x_wconf 67' lang='lat' dir='ltr'><strong>aba</strong></span> <span class='ocrx_word' id='word_1_407' title='bbox 1079 3296 1136 3356; x_wconf 76' lang='lat' dir='ltr'><strong>Ru.</strong></span> <span class='ocrx_word' id='word_1_408' title='bbox 1150 3297 1294 3369; x_wconf 83' lang='lat' dir='ltr'><strong>obturare;</strong></span> <span class='ocrx_word' id='word_1_409' title='bbox 1308 3316 1390 3357; x_wconf 78' lang='lat' dir='ltr'><strong>nesae</strong></span> <span class='ocrx_word' id='word_1_410' title='bbox 1401 3297 1483 3356; x_wconf 74' lang='lat' dir='ltr'><strong>anuo</strong></span> 
     </span>
    </p>
   </div>
   <div class='ocr_carea' id='block_1_11' title="bbox 169 3371 790 4210">
    <p class='ocr_par' dir='ltr' id='par_1_14' title="bbox 169 3371 790 4210">
     <span class='ocr_line' id='line_1_51' title="bbox 171 3371 790 3449; baseline 0 -19"><span class='ocrx_word' id='word_1_411' title='bbox 171 3373 243 3432; x_wconf 86' lang='lat' dir='ltr'><strong>ritur</strong></span> <span class='ocrx_word' id='word_1_412' title='bbox 262 3392 297 3432; x_wconf 90' lang='lat' dir='ltr'><strong>an</strong></span> <span class='ocrx_word' id='word_1_413' title='bbox 318 3391 375 3431; x_wconf 91' lang='lat' dir='ltr'><strong>non</strong></span> <span class='ocrx_word' id='word_1_414' title='bbox 394 3371 480 3430; x_wconf 86' lang='lat' dir='ltr'><strong>simili</strong></span> <span class='ocrx_word' id='word_1_415' title='bbox 501 3373 589 3449; x_wconf 90' lang='lat' dir='ltr'><strong>figura</strong></span> <span class='ocrx_word' id='word_1_416' title='bbox 608 3373 697 3443; x_wconf 66' lang='lat' dir='ltr'><strong>dama,</strong></span> <span class='ocrx_word' id='word_1_417' title='bbox 717 3373 790 3430; x_wconf 86' lang='lat' dir='ltr'><strong>dom·</strong></span> 
     </span>
     <span class='ocr_line' id='line_1_52' title="bbox 171 3449 789 3539; baseline -0.005 -30"><span class='ocrx_word' id='word_1_418' title='bbox 171 3470 242 3520; x_wconf 82' lang='lat' dir='ltr'><strong>men,</strong></span> <span class='ocrx_word' id='word_1_419' title='bbox 276 3469 376 3539; x_wconf 84' lang='lat' dir='ltr'><strong>agger,</strong></span> <span class='ocrx_word' id='word_1_420' title='bbox 409 3449 519 3508; x_wconf 85' lang='lat' dir='ltr'><strong>transiit</strong></span> <span class='ocrx_word' id='word_1_421' title='bbox 547 3449 583 3508; x_wconf 90' lang='lat' dir='ltr'><strong>ad</strong></span> <span class='ocrx_word' id='word_1_422' title='bbox 612 3451 715 3508; x_wconf 85' lang='lat' dir='ltr'><strong>lessam</strong></span> <span class='ocrx_word' id='word_1_423' title='bbox 744 3449 789 3508; x_wconf 89' lang='lat' dir='ltr'><strong>vel</strong></span> 
     </span>
     <span class='ocr_line' id='line_1_53' title="bbox 171 3525 788 3604; baseline -0.006 -18"><span class='ocrx_word' id='word_1_424' title='bbox 171 3528 294 3587; x_wconf 87' lang='lat' dir='ltr'><strong>oanelem</strong></span> <span class='ocrx_word' id='word_1_425' title='bbox 312 3530 394 3603; x_wconf 78' lang='lat' dir='ltr'><strong>Juxta</strong></span> <span class='ocrx_word' id='word_1_426' title='bbox 407 3527 559 3586; x_wconf 78' lang='lat' dir='ltr'><strong>fluentem?</strong></span> <span class='ocrx_word' id='word_1_427' title='bbox 584 3527 720 3604; x_wconf 78' lang='lat' dir='ltr'><strong>Exemplo</strong></span> <span class='ocrx_word' id='word_1_428' title='bbox 733 3525 788 3584; x_wconf 89' lang='lat' dir='ltr'><strong>sint</strong></span> 
     </span>
     <span class='ocr_line' id='line_1_54' title="bbox 171 3601 788 3681; baseline -0.005 -18"><span class='ocrx_word' id='word_1_429' title='bbox 171 3605 236 3663; x_wconf 68' lang='lat' dir='ltr'><strong>ub.</strong></span> <span class='ocrx_word' id='word_1_430' title='bbox 269 3605 345 3674; x_wconf 75' lang='lat' dir='ltr'><strong>drim,</strong></span> <span class='ocrx_word' id='word_1_431' title='bbox 376 3605 449 3662; x_wconf 84' lang='lat' dir='ltr'><strong>fossa</strong></span> <span class='ocrx_word' id='word_1_432' title='bbox 476 3603 604 3681; x_wconf 87' lang='lat' dir='ltr'><strong>aquaria,</strong></span> <span class='ocrx_word' id='word_1_433' title='bbox 634 3601 788 3662; x_wconf 88' lang='lat' dir='ltr'><strong>molendini</strong></span> 
     </span>
     <span class='ocr_line' id='line_1_55' title="bbox 171 3678 788 3834; baseline 0 -20"><span class='ocrx_word' id='word_1_434' title='bbox 171 3681 296 3830; x_wconf 50' lang='lat' dir='ltr'><strong>{inlisisipie</strong></span> <span class='ocrx_word' id='word_1_435' title='bbox 307 3680 411 3814; x_wconf 48' lang='lat' dir='ltr'><strong>esspp&#39;lis</strong></span> <span class='ocrx_word' id='word_1_436' title='bbox 417 3678 788 3834; x_wconf 49' lang='lat' dir='ltr'><strong>&#39;paliiircririlas’tagnlintrireniieffs&#39;</strong></span> 
     </span>
     <span class='ocr_line' id='line_1_56' title="bbox 172 3831 789 3892; baseline 0 -2"><span class='ocrx_word' id='word_1_437' title='bbox 172 3833 248 3891; x_wconf 87' lang='lat' dir='ltr'><strong>Soarl</strong></span> <span class='ocrx_word' id='word_1_438' title='bbox 278 3839 307 3891; x_wconf 86' lang='lat' dir='ltr'><strong>et</strong></span> <span class='ocrx_word' id='word_1_439' title='bbox 332 3831 483 3891; x_wconf 84' lang='lat' dir='ltr'><strong>Bakhuzeu</strong></span> <span class='ocrx_word' id='word_1_440' title='bbox 509 3833 715 3892; x_wconf 86' lang='lat' dir='ltr'><strong>intermedium.</strong></span> <span class='ocrx_word' id='word_1_441' title='bbox 749 3833 789 3890; x_wconf 82' lang='lat' dir='ltr'><strong>Di</strong></span> 
     </span>
     <span class='ocr_line' id='line_1_57' title="bbox 171 3909 786 3979; baseline -0.002 -11"><span class='ocrx_word' id='word_1_442' title='bbox 171 3911 304 3979; x_wconf 73' lang='lat' dir='ltr'><strong>dunenses,</strong></span> <span class='ocrx_word' id='word_1_443' title='bbox 325 3909 427 3967; x_wconf 85' lang='lat' dir='ltr'><strong>naualis</strong></span> <span class='ocrx_word' id='word_1_444' title='bbox 448 3910 553 3968; x_wconf 92' lang='lat' dir='ltr'><strong>duoens</strong></span> <span class='ocrx_word' id='word_1_445' title='bbox 573 3929 589 3968; x_wconf 91' lang='lat' dir='ltr'><strong>a</strong></span> <span class='ocrx_word' id='word_1_446' title='bbox 608 3909 745 3968; x_wconf 82' lang='lat' dir='ltr'><strong>Mollwar</strong></span> <span class='ocrx_word' id='word_1_447' title='bbox 757 3909 786 3967; x_wconf 91' lang='lat' dir='ltr'><strong>in</strong></span> 
     </span>
     <span class='ocr_line' id='line_1_58' title="bbox 172 3985 787 4061; baseline -0.003 -15"><span class='ocrx_word' id='word_1_448' title='bbox 172 3987 265 4046; x_wconf 84' lang='lat' dir='ltr'><strong>visum</strong></span> <span class='ocrx_word' id='word_1_449' title='bbox 292 3985 410 4046; x_wconf 86' lang='lat' dir='ltr'><strong>Ooldum</strong></span> <span class='ocrx_word' id='word_1_450' title='bbox 436 3985 601 4061; x_wconf 87' lang='lat' dir='ltr'><strong>(Koudum).</strong></span> <span class='ocrx_word' id='word_1_451' title='bbox 630 3986 665 4044; x_wconf 93' lang='lat' dir='ltr'><strong>In</strong></span> <span class='ocrx_word' id='word_1_452' title='bbox 685 3985 787 4044; x_wconf 83' lang='lat' dir='ltr'><strong>vicinio</strong></span> 
     </span>
     <span class='ocr_line' id='line_1_59' title="bbox 171 4062 787 4123; baseline -0.003 0"><span class='ocrx_word' id='word_1_453' title='bbox 171 4064 249 4123; x_wconf 84' lang='lat' dir='ltr'><strong>lacus</strong></span> <span class='ocrx_word' id='word_1_454' title='bbox 282 4063 396 4123; x_wconf 89' lang='lat' dir='ltr'><strong>Morrha</strong></span> <span class='ocrx_word' id='word_1_455' title='bbox 428 4063 463 4122; x_wconf 89' lang='lat' dir='ltr'><strong>ab</strong></span> <span class='ocrx_word' id='word_1_456' title='bbox 496 4062 640 4121; x_wconf 83' lang='lat' dir='ltr'><strong>occidente</strong></span> <span class='ocrx_word' id='word_1_457' title='bbox 669 4062 729 4122; x_wconf 91' lang='lat' dir='ltr'><strong>linit</strong></span> <span class='ocrx_word' id='word_1_458' title='bbox 757 4062 787 4121; x_wconf 91' lang='lat' dir='ltr'><strong>in</strong></span> 
     </span>
     <span class='ocr_line' id='line_1_60' title="bbox 169 4139 788 4210; baseline -0.003 -11"><span class='ocrx_word' id='word_1_459' title='bbox 169 4143 363 4210; x_wconf 72' lang='lat' dir='ltr'><strong>doulos-Dans,</strong></span> <span class='ocrx_word' id='word_1_460' title='bbox 398 4140 433 4199; x_wconf 90' lang='lat' dir='ltr'><strong>ab</strong></span> <span class='ocrx_word' id='word_1_461' title='bbox 462 4139 569 4199; x_wconf 89' lang='lat' dir='ltr'><strong>oriente</strong></span> <span class='ocrx_word' id='word_1_462' title='bbox 598 4139 628 4198; x_wconf 92' lang='lat' dir='ltr'><strong>iu</strong></span> <span class='ocrx_word' id='word_1_463' title='bbox 661 4142 788 4199; x_wconf 82' lang='lat' dir='ltr'><strong>Galama·</strong></span> 
     </span>
    </p>
   </div>
   <div class='ocr_carea' id='block_1_12' title="bbox 861 3373 1483 4066">
    <p class='ocr_par' dir='ltr' id='par_1_15' title="bbox 861 3373 1483 4066">
     <span class='ocr_line' id='line_1_61' title="bbox 863 3373 1483 3465; baseline 0.002 -32"><span class='ocrx_word' id='word_1_464' title='bbox 863 3374 978 3446; x_wconf 66' lang='lat' dir='ltr'><strong>mmo,</strong></span> <span class='ocrx_word' id='word_1_465' title='bbox 1005 3374 1117 3432; x_wconf 91' lang='lat' dir='ltr'><strong>nullum</strong></span> <span class='ocrx_word' id='word_1_466' title='bbox 1137 3380 1254 3465; x_wconf 84' lang='lat' dir='ltr'><strong>puteum</strong></span> <span class='ocrx_word' id='word_1_467' title='bbox 1273 3373 1405 3452; x_wconf 89' lang='lat' dir='ltr'><strong>implere,</strong></span> <span class='ocrx_word' id='word_1_468' title='bbox 1431 3373 1483 3434; x_wconf 91' lang='lat' dir='ltr'><strong>ob·</strong></span> 
     </span>
     <span class='ocr_line' id='line_1_62' title="bbox 863 3451 1483 3528; baseline -0.005 -17"><span class='ocrx_word' id='word_1_469' title='bbox 863 3456 970 3511; x_wconf 84' lang='lat' dir='ltr'><strong>tumre:</strong></span> <span class='ocrx_word' id='word_1_470' title='bbox 997 3470 1075 3510; x_wconf 89' lang='lat' dir='ltr'><strong>more</strong></span> <span class='ocrx_word' id='word_1_471' title='bbox 1094 3451 1179 3509; x_wconf 81' lang='lat' dir='ltr'><strong>solrto</strong></span> <span class='ocrx_word' id='word_1_472' title='bbox 1199 3451 1339 3528; x_wconf 82' lang='lat' dir='ltr'><strong>insertap</strong></span> <span class='ocrx_word' id='word_1_473' title='bbox 1379 3455 1423 3510; x_wconf 89' lang='lat' dir='ltr'><strong>ost</strong></span> <span class='ocrx_word' id='word_1_474' title='bbox 1441 3470 1483 3522; x_wconf 86' lang='lat' dir='ltr'><strong>m,</strong></span> 
     </span>
     <span class='ocr_line' id='line_1_63' title="bbox 862 3528 1482 3605; baseline 0 -18"><span class='ocrx_word' id='word_1_475' title='bbox 862 3528 973 3605; x_wconf 81' lang='lat' dir='ltr'><strong>dempo‚·</strong></span> <span class='ocrx_word' id='word_1_476' title='bbox 1010 3529 1154 3603; x_wconf 68' lang='lat' dir='ltr'><strong>‹iemps-mo</strong></span> <span class='ocrx_word' id='word_1_477' title='bbox 1189 3529 1284 3586; x_wconf 72' lang='lat' dir='ltr'><strong>limare</strong></span> <span class='ocrx_word' id='word_1_478' title='bbox 1319 3549 1342 3587; x_wconf 84' lang='lat' dir='ltr'><strong>so</strong></span> <span class='ocrx_word' id='word_1_479' title='bbox 1381 3549 1406 3587; x_wconf 88' lang='lat' dir='ltr'><strong>o.</strong></span> <span class='ocrx_word' id='word_1_480' title='bbox 1449 3528 1482 3587; x_wconf 75' lang='lat' dir='ltr'><strong>F.</strong></span> 
     </span>
     <span class='ocr_line' id='line_1_64' title="bbox 862 3604 1482 3682; baseline 0 -19"><span class='ocrx_word' id='word_1_481' title='bbox 862 3605 963 3681; x_wconf 82' lang='lat' dir='ltr'><strong>dimpe,</strong></span> <span class='ocrx_word' id='word_1_482' title='bbox 997 3605 1045 3663; x_wconf 91' lang='lat' dir='ltr'><strong>Nl.</strong></span> <span class='ocrx_word' id='word_1_483' title='bbox 1072 3605 1195 3681; x_wconf 81' lang='lat' dir='ltr'><strong>dempen,</strong></span> <span class='ocrx_word' id='word_1_484' title='bbox 1224 3605 1404 3682; x_wconf 82' lang='lat' dir='ltr'><strong>restinguere.</strong></span> <span class='ocrx_word' id='word_1_485' title='bbox 1434 3604 1482 3663; x_wconf 94' lang='lat' dir='ltr'><strong>Iu-</strong></span> 
     </span>
     <span class='ocr_line' id='line_1_65' title="bbox 861 3680 1482 3758; baseline -0.002 -18"><span class='ocrx_word' id='word_1_486' title='bbox 861 3690 935 3741; x_wconf 87' lang='lat' dir='ltr'><strong>serta</strong></span> <span class='ocrx_word' id='word_1_487' title='bbox 948 3702 971 3758; x_wconf 85' lang='lat' dir='ltr'><strong>p</strong></span> <span class='ocrx_word' id='word_1_488' title='bbox 991 3681 1114 3740; x_wconf 81' lang='lat' dir='ltr'><strong>nascitur</strong></span> <span class='ocrx_word' id='word_1_489' title='bbox 1132 3682 1202 3741; x_wconf 92' lang='lat' dir='ltr'><strong>ordo</strong></span> <span class='ocrx_word' id='word_1_490' title='bbox 1222 3700 1320 3741; x_wconf 84' lang='lat' dir='ltr'><strong>vonum</strong></span> <span class='ocrx_word' id='word_1_491' title='bbox 1333 3682 1363 3740; x_wconf 91' lang='lat' dir='ltr'><strong>in</strong></span> <span class='ocrx_word' id='word_1_492' title='bbox 1377 3680 1482 3758; x_wconf 88' lang='lat' dir='ltr'><strong>quibus</strong></span> 
     </span>
     <span class='ocr_line' id='line_1_66' title="bbox 861 3757 1483 3836; baseline -0.002 -19"><span class='ocrx_word' id='word_1_493' title='bbox 861 3759 989 3818; x_wconf 85' lang='lat' dir='ltr'><strong>notiones</strong></span> <span class='ocrx_word' id='word_1_494' title='bbox 1008 3758 1183 3836; x_wconf 90' lang='lat' dir='ltr'><strong>opponendi,</strong></span> <span class='ocrx_word' id='word_1_495' title='bbox 1206 3758 1410 3834; x_wconf 88' lang='lat' dir='ltr'><strong>restinguendi,</strong></span> <span class='ocrx_word' id='word_1_496' title='bbox 1435 3757 1483 3816; x_wconf 93' lang='lat' dir='ltr'><strong>de·</strong></span> 
     </span>
     <span class='ocr_line' id='line_1_67' title="bbox 883 3833 1482 3906; baseline -0.003 -12"><span class='ocrx_word' id='word_1_497' title='bbox 883 3835 1019 3906; x_wconf 90' lang='lat' dir='ltr'><strong>rimendi,</strong></span> <span class='ocrx_word' id='word_1_498' title='bbox 1048 3836 1217 3906; x_wconf 83' lang='lat' dir='ltr'><strong>suffocandi,</strong></span> <span class='ocrx_word' id='word_1_499' title='bbox 1241 3833 1357 3893; x_wconf 85' lang='lat' dir='ltr'><strong>sedandi</strong></span> <span class='ocrx_word' id='word_1_500' title='bbox 1397 3853 1482 3892; x_wconf 84' lang='lat' dir='ltr'><strong>raesa·</strong></span> 
     </span>
     <span class='ocr_line' id='line_1_68' title="bbox 862 3855 1482 3990; baseline -0.002 -20"><span class='ocrx_word' id='word_1_501' title='bbox 862 3855 934 3982; x_wconf 53' lang='lat' dir='ltr'><strong>i’ent3</strong></span> <span class='ocrx_word' id='word_1_502' title='bbox 956 3913 1025 3970; x_wconf 84' lang='lat' dir='ltr'><strong>tales</strong></span> <span class='ocrx_word' id='word_1_503' title='bbox 1045 3913 1222 3988; x_wconf 81' lang='lat' dir='ltr'><strong>suutdemp,</strong></span> <span class='ocrx_word' id='word_1_504' title='bbox 1241 3930 1341 3990; x_wconf 69' lang='lat' dir='ltr'><strong>sapon</strong></span> <span class='ocrx_word' id='word_1_505' title='bbox 1418 3911 1482 3988; x_wconf 69' lang='lat' dir='ltr'><strong>pige</strong></span> 
     </span>
     <span class='ocr_line' id='line_1_69' title="bbox 862 3987 1482 4066; baseline 0.003 -21"><span class='ocrx_word' id='word_1_506' title='bbox 862 3988 928 4062; x_wconf 82' lang='lat' dir='ltr'><strong>lost,</strong></span> <span class='ocrx_word' id='word_1_507' title='bbox 956 3989 1060 4047; x_wconf 89' lang='lat' dir='ltr'><strong>eoelum</strong></span> <span class='ocrx_word' id='word_1_508' title='bbox 1079 3989 1223 4048; x_wconf 90' lang='lat' dir='ltr'><strong>madidum</strong></span> <span class='ocrx_word' id='word_1_509' title='bbox 1244 3987 1393 4066; x_wconf 87' lang='lat' dir='ltr'><strong>tristeque;</strong></span> <span class='ocrx_word' id='word_1_510' title='bbox 1415 3988 1482 4047; x_wconf 79' lang='lat' dir='ltr'><strong>dim·</strong></span> 
     </span>
    </p>
   </div>
   <div class='ocr_carea' id='block_1_13' title="bbox 855 4065 1478 4145">
    <p class='ocr_par' dir='ltr' id='par_1_16' title="bbox 855 4065 1478 4145">
     <span class='ocr_line' id='line_1_70' title="bbox 855 4065 1478 4145; baseline 0 -22"><span class='ocrx_word' id='word_1_511' title='bbox 855 4065 922 4141; x_wconf 80' lang='lat' dir='ltr'><strong>piel</strong></span> <span class='ocrx_word' id='word_1_512' title='bbox 935 4067 1046 4144; x_wconf 59' lang='lat' dir='ltr'><strong>ipsse,</strong></span> <span class='ocrx_word' id='word_1_513' title='bbox 1066 4085 1155 4144; x_wconf 89' lang='lat' dir='ltr'><strong>equus</strong></span> <span class='ocrx_word' id='word_1_514' title='bbox 1168 4065 1355 4145; x_wconf 63' lang='lat' dir='ltr'><strong>suspiriosum</strong></span> <span class='ocrx_word' id='word_1_515' title='bbox 1374 4065 1478 4143; x_wconf 80' lang='lat' dir='ltr'><strong>dompe,</strong></span> 
     </span>
    </p>
   </div>
   <div class='ocr_carea' id='block_1_14' title="bbox 862 4141 1281 4219">
    <p class='ocr_par' dir='ltr' id='par_1_17' title="bbox 862 4141 1281 4219">
     <span class='ocr_line' id='line_1_71' title="bbox 862 4141 1281 4219; baseline 0.007 -20"><span class='ocrx_word' id='word_1_516' title='bbox 862 4141 990 4212; x_wconf 85' lang='lat' dir='ltr'><strong>trudere;</strong></span> <span class='ocrx_word' id='word_1_517' title='bbox 1012 4148 1041 4201; x_wconf 90' lang='lat' dir='ltr'><strong>et</strong></span> <span class='ocrx_word' id='word_1_518' title='bbox 1059 4142 1089 4201; x_wconf 94' lang='lat' dir='ltr'><strong>id</strong></span> <span class='ocrx_word' id='word_1_519' title='bbox 1110 4162 1198 4219; x_wconf 90' lang='lat' dir='ltr'><strong>genus</strong></span> <span class='ocrx_word' id='word_1_520' title='bbox 1217 4143 1281 4202; x_wconf 87' lang='lat' dir='ltr'><strong>alie.</strong></span> 
     </span>
    </p>
   </div>
   <div class='ocr_carea' id='block_1_15' title="bbox 170 4216 1483 4312">
    <p class='ocr_par' dir='ltr' id='par_1_18' title="bbox 170 4216 1483 4312">
     <span class='ocr_line' id='line_1_72' title="bbox 170 4216 1483 4312; baseline 0.002 -35"><span class='ocrx_word' id='word_1_521' title='bbox 170 4219 278 4279; x_wconf 83' lang='lat' dir='ltr'><strong>domme.</strong></span> <span class='ocrx_word' id='word_1_522' title='bbox 307 4217 415 4277; x_wconf 80' lang='lat' dir='ltr'><strong>Vinium</strong></span> <span class='ocrx_word' id='word_1_523' title='bbox 442 4217 525 4276; x_wconf 80' lang='lat' dir='ltr'><strong>lossoe</strong></span> <span class='ocrx_word' id='word_1_524' title='bbox 554 4217 583 4275; x_wconf 92' lang='lat' dir='ltr'><strong>in</strong></span> <span class='ocrx_word' id='word_1_525' title='bbox 610 4216 788 4294; x_wconf 85' lang='lat' dir='ltr'><strong>Tietjerkste·</strong></span> <span class='ocrx_word' id='word_1_526' title='bbox 823 4218 948 4291; x_wconf 81' lang='lat' dir='ltr'><strong>DAEN,</strong></span> <span class='ocrx_word' id='word_1_527' title='bbox 973 4238 1015 4297; x_wconf 89' lang='lat' dir='ltr'><strong>eg.</strong></span> <span class='ocrx_word' id='word_1_528' title='bbox 1034 4220 1182 4312; x_wconf 82' lang='lat' dir='ltr'><strong>vestigium</strong></span> <span class='ocrx_word' id='word_1_529' title='bbox 1202 4218 1394 4310; x_wconf 76' lang='lat' dir='ltr'><strong>impressionis</strong></span> <span class='ocrx_word' id='word_1_530' title='bbox 1434 4239 1483 4279; x_wconf 85' lang='lat' dir='ltr'><strong>ua·</strong></span> 
     </span>
    </p>
   </div>
   <div class='ocr_carea' id='block_1_16' title="bbox 169 4294 788 4834">
    <p class='ocr_par' dir='ltr' id='par_1_19' title="bbox 169 4294 788 4834">
     <span class='ocr_line' id='line_1_73' title="bbox 170 4294 788 4372; baseline -0.002 -18"><span class='ocrx_word' id='word_1_531' title='bbox 170 4297 266 4354; x_wconf 89' lang='lat' dir='ltr'><strong>radela</strong></span> <span class='ocrx_word' id='word_1_532' title='bbox 297 4302 365 4355; x_wconf 91' lang='lat' dir='ltr'><strong>sunt</strong></span> <span class='ocrx_word' id='word_1_533' title='bbox 397 4294 457 4352; x_wconf 73' lang='lat' dir='ltr'><strong>eilde</strong></span> <span class='ocrx_word' id='word_1_534' title='bbox 485 4297 557 4352; x_wconf 82' lang='lat' dir='ltr'><strong>Dora</strong></span> <span class='ocrx_word' id='word_1_535' title='bbox 587 4298 615 4353; x_wconf 87' lang='lat' dir='ltr'><strong>et</strong></span> <span class='ocrx_word' id='word_1_536' title='bbox 642 4297 788 4372; x_wconf 77' lang='lat' dir='ltr'><strong>Berpsorer</strong></span> 
     </span>
     <span class='ocr_line' id='line_1_74' title="bbox 169 4371 786 4432; baseline -0.002 -1"><span class='ocrx_word' id='word_1_537' title='bbox 169 4376 249 4432; x_wconf 86' lang='lat' dir='ltr'><strong>Dnm.</strong></span> <span class='ocrx_word' id='word_1_538' title='bbox 270 4373 361 4432; x_wconf 84' lang='lat' dir='ltr'><strong>Lacus</strong></span> <span class='ocrx_word' id='word_1_539' title='bbox 377 4371 491 4431; x_wconf 83' lang='lat' dir='ltr'><strong>Pilmar</strong></span> <span class='ocrx_word' id='word_1_540' title='bbox 504 4391 599 4431; x_wconf 89' lang='lat' dir='ltr'><strong>versus</strong></span> <span class='ocrx_word' id='word_1_541' title='bbox 613 4373 786 4431; x_wconf 82' lang='lat' dir='ltr'><strong>occidentem</strong></span> 
     </span>
     <span class='ocr_line' id='line_1_75' title="bbox 170 4448 785 4526; baseline -0.003 -18"><span class='ocrx_word' id='word_1_542' title='bbox 170 4449 272 4509; x_wconf 88' lang='lat' dir='ltr'><strong>desinit</strong></span> <span class='ocrx_word' id='word_1_543' title='bbox 301 4450 330 4509; x_wconf 93' lang='lat' dir='ltr'><strong>in</strong></span> <span class='ocrx_word' id='word_1_544' title='bbox 356 4448 449 4508; x_wconf 90' lang='lat' dir='ltr'><strong>sinum</strong></span> <span class='ocrx_word' id='word_1_545' title='bbox 476 4449 583 4509; x_wconf 90' lang='lat' dir='ltr'><strong>dietum</strong></span> <span class='ocrx_word' id='word_1_546' title='bbox 605 4450 785 4526; x_wconf 76' lang='lat' dir='ltr'><strong>prorsa-daem.</strong></span> 
     </span>
     <span class='ocr_line' id='line_1_76' title="bbox 171 4525 786 4603; baseline -0.003 -17"><span class='ocrx_word' id='word_1_547' title='bbox 171 4527 274 4586; x_wconf 80' lang='lat' dir='ltr'><strong>Confer</strong></span> <span class='ocrx_word' id='word_1_548' title='bbox 303 4528 351 4587; x_wconf 93' lang='lat' dir='ltr'><strong>Isl.</strong></span> <span class='ocrx_word' id='word_1_549' title='bbox 380 4526 498 4597; x_wconf 79' lang='lat' dir='ltr'><strong>dammr,</strong></span> <span class='ocrx_word' id='word_1_550' title='bbox 527 4531 626 4603; x_wconf 72' lang='lat' dir='ltr'><strong>agger,</strong></span> <span class='ocrx_word' id='word_1_551' title='bbox 655 4525 786 4594; x_wconf 81' lang='lat' dir='ltr'><strong>alluvies,</strong></span> 
     </span>
     <span class='ocr_line' id='line_1_77' title="bbox 171 4603 786 4677; baseline -0.007 -15"><span class='ocrx_word' id='word_1_552' title='bbox 171 4610 199 4662; x_wconf 88' lang='lat' dir='ltr'><strong>et</strong></span> <span class='ocrx_word' id='word_1_553' title='bbox 250 4604 352 4674; x_wconf 86' lang='lat' dir='ltr'><strong>iseina;</strong></span> <span class='ocrx_word' id='word_1_554' title='bbox 384 4603 459 4662; x_wconf 92' lang='lat' dir='ltr'><strong>Dani</strong></span> <span class='ocrx_word' id='word_1_555' title='bbox 488 4603 562 4674; x_wconf 84' lang='lat' dir='ltr'><strong>dom,</strong></span> <span class='ocrx_word' id='word_1_556' title='bbox 597 4603 688 4673; x_wconf 86' lang='lat' dir='ltr'><strong>idem;</strong></span> <span class='ocrx_word' id='word_1_557' title='bbox 713 4603 786 4677; x_wconf 80' lang='lat' dir='ltr'><strong>Aug.</strong></span> 
     </span>
     <span class='ocr_line' id='line_1_78' title="bbox 170 4679 785 4751; baseline -0.002 -14"><span class='ocrx_word' id='word_1_558' title='bbox 170 4679 209 4738; x_wconf 85' lang='lat' dir='ltr'><strong>Su</strong></span> <span class='ocrx_word' id='word_1_559' title='bbox 231 4681 292 4751; x_wconf 90' lang='lat' dir='ltr'><strong>olk,</strong></span> <span class='ocrx_word' id='word_1_560' title='bbox 322 4681 397 4751; x_wconf 83' lang='lat' dir='ltr'><strong>dom,</strong></span> <span class='ocrx_word' id='word_1_561' title='bbox 421 4679 529 4750; x_wconf 86' lang='lat' dir='ltr'><strong>marsh;</strong></span> <span class='ocrx_word' id='word_1_562' title='bbox 555 4681 646 4750; x_wconf 85' lang='lat' dir='ltr'><strong>Senti,</strong></span> <span class='ocrx_word' id='word_1_563' title='bbox 674 4700 692 4736; x_wconf 84' lang='lat' dir='ltr'><strong>a</strong></span> <span class='ocrx_word' id='word_1_564' title='bbox 710 4679 785 4747; x_wconf 82' lang='lat' dir='ltr'><strong>door,</strong></span> 
     </span>
     <span class='ocr_line' id='line_1_79' title="bbox 169 4754 786 4834; baseline -0.002 -19"><span class='ocrx_word' id='word_1_565' title='bbox 169 4760 280 4815; x_wconf 89' lang='lat' dir='ltr'><strong>tantum</strong></span> <span class='ocrx_word' id='word_1_566' title='bbox 296 4757 385 4817; x_wconf 80' lang='lat' dir='ltr'><strong>urium</strong></span> <span class='ocrx_word' id='word_1_567' title='bbox 398 4761 536 4834; x_wconf 87' lang='lat' dir='ltr'><strong>quantum</strong></span> <span class='ocrx_word' id='word_1_568' title='bbox 549 4755 641 4815; x_wconf 87' lang='lat' dir='ltr'><strong>infans</strong></span> <span class='ocrx_word' id='word_1_569' title='bbox 656 4774 714 4815; x_wconf 89' lang='lat' dir='ltr'><strong>une</strong></span> <span class='ocrx_word' id='word_1_570' title='bbox 727 4754 786 4815; x_wconf 83' lang='lat' dir='ltr'><strong>vioe</strong></span> 
     </span>
    </p>
   </div>
   <div class='ocr_carea' id='block_1_17' title="bbox 857 4295 1481 4837">
    <p class='ocr_par' dir='ltr' id='par_1_20' title="bbox 857 4295 1481 4837">
     <span class='ocr_line' id='line_1_80' title="bbox 860 4295 1481 4375; baseline 0.003 -21"><span class='ocrx_word' id='word_1_571' title='bbox 860 4295 1022 4374; x_wconf 87' lang='lat' dir='ltr'><strong>liseuuqne;</strong></span> <span class='ocrx_word' id='word_1_572' title='bbox 1044 4315 1085 4355; x_wconf 65' lang='lat' dir='ltr'><strong>ex,</strong></span> <span class='ocrx_word' id='word_1_573' title='bbox 1105 4295 1427 4375; x_wconf 88' lang='lat' dir='ltr'><strong>gr.1mpress10iunat1</strong></span> <span class='ocrx_word' id='word_1_574' title='bbox 1448 4317 1481 4356; x_wconf 88' lang='lat' dir='ltr'><strong>us</strong></span> 
     </span>
     <span class='ocr_line' id='line_1_81' title="bbox 859 4372 1481 4452; baseline 0.003 -21"><span class='ocrx_word' id='word_1_575' title='bbox 859 4372 1008 4432; x_wconf 89' lang='lat' dir='ltr'><strong>insidentis</strong></span> <span class='ocrx_word' id='word_1_576' title='bbox 1028 4378 1137 4444; x_wconf 58' lang='lat' dir='ltr'><strong>mattam</strong></span> <span class='ocrx_word' id='word_1_577' title='bbox 1163 4373 1311 4452; x_wconf 88' lang='lat' dir='ltr'><strong>impressio</strong></span> <span class='ocrx_word' id='word_1_578' title='bbox 1331 4373 1481 4433; x_wconf 78' lang='lat' dir='ltr'><strong>fasciarum</strong></span> 
     </span>
     <span class='ocr_line' id='line_1_82' title="bbox 860 4449 1480 4530; baseline 0.003 -22"><span class='ocrx_word' id='word_1_579' title='bbox 860 4449 890 4508; x_wconf 93' lang='lat' dir='ltr'><strong>iu</strong></span> <span class='ocrx_word' id='word_1_580' title='bbox 904 4450 1036 4509; x_wconf 89' lang='lat' dir='ltr'><strong>oluuibus</strong></span> <span class='ocrx_word' id='word_1_581' title='bbox 1056 4450 1184 4521; x_wconf 86' lang='lat' dir='ltr'><strong>iniuntis;</strong></span> <span class='ocrx_word' id='word_1_582' title='bbox 1204 4451 1279 4530; x_wconf 81' lang='lat' dir='ltr'><strong>plion</strong></span> <span class='ocrx_word' id='word_1_583' title='bbox 1297 4450 1480 4511; x_wconf 83' lang='lat' dir='ltr'><strong>immutabilis</strong></span> 
     </span>
     <span class='ocr_line' id='line_1_83' title="bbox 860 4526 1478 4604; baseline 0.005 -19"><span class='ocrx_word' id='word_1_584' title='bbox 860 4526 889 4585; x_wconf 90' lang='lat' dir='ltr'><strong>iu</strong></span> <span class='ocrx_word' id='word_1_585' title='bbox 909 4527 1012 4598; x_wconf 88' lang='lat' dir='ltr'><strong>liuteo;</strong></span> <span class='ocrx_word' id='word_1_586' title='bbox 1042 4527 1190 4604; x_wconf 84' lang='lat' dir='ltr'><strong>vestigium</strong></span> <span class='ocrx_word' id='word_1_587' title='bbox 1211 4527 1331 4587; x_wconf 76' lang='lat' dir='ltr'><strong>madidos</strong></span> <span class='ocrx_word' id='word_1_588' title='bbox 1351 4528 1478 4588; x_wconf 78' lang='lat' dir='ltr'><strong>scutellae</strong></span> 
     </span>
     <span class='ocr_line' id='line_1_84' title="bbox 858 4602 1478 4682; baseline 0.005 -20"><span class='ocrx_word' id='word_1_589' title='bbox 858 4602 889 4662; x_wconf 92' lang='lat' dir='ltr'><strong>in</strong></span> <span class='ocrx_word' id='word_1_590' title='bbox 909 4623 1018 4677; x_wconf 88' lang='lat' dir='ltr'><strong>mensa,</strong></span> <span class='ocrx_word' id='word_1_591' title='bbox 1039 4608 1099 4664; x_wconf 82' lang='lat' dir='ltr'><strong>oaet.</strong></span> <span class='ocrx_word' id='word_1_592' title='bbox 1113 4636 1152 4650; x_wconf 92' lang='lat'>-</span> <span class='ocrx_word' id='word_1_593' title='bbox 1164 4604 1266 4674; x_wconf 84' lang='lat' dir='ltr'><strong>Vibex,</strong></span> <span class='ocrx_word' id='word_1_594' title='bbox 1287 4605 1353 4664; x_wconf 81' lang='lat' dir='ltr'><strong>Men</strong></span> <span class='ocrx_word' id='word_1_595' title='bbox 1365 4604 1478 4682; x_wconf 62' lang='lat' dir='ltr'><strong>ottejia</strong></span> 
     </span>
     <span class='ocr_line' id='line_1_85' title="bbox 858 4680 1481 4761; baseline 0.002 -21"><span class='ocrx_word' id='word_1_596' title='bbox 858 4680 995 4758; x_wconf 59' lang='lat' dir='ltr'><strong>&amp;mys</strong></span> <span class='ocrx_word' id='word_1_597' title='bbox 1012 4680 1430 4761; x_wconf 52' lang='lat' dir='ltr'><strong>eosdemnumeros.</strong></span> <span class='ocrx_word' id='word_1_598' title='bbox 1451 4684 1481 4741; x_wconf 78' lang='lat' dir='ltr'><strong>lt</strong></span> 
     </span>
     <span class='ocr_line' id='line_1_86' title="bbox 857 4756 1477 4837; baseline 0.002 -19"><span class='ocrx_word' id='word_1_599' title='bbox 857 4756 922 4818; x_wconf 73' lang='lat' dir='ltr'><strong>berre</strong></span> <span class='ocrx_word' id='word_1_600' title='bbox 939 4757 1477 4837; x_wconf 66' lang='lat' dir='ltr'><strong>kddamsya&#39;slillassasdirgrtaa.</strong></span> 
     </span>
    </p>
   </div>
   <div class='ocr_carea' id='block_1_18' title="bbox 0 0 1632 5310">
    <p class='ocr_par' dir='ltr' id='par_1_21' title="bbox 0 0 1632 5310">
     <span class='ocr_line' id='line_1_87' title="bbox 0 0 1632 5310; baseline 0 1"><span class='ocrx_word' id='word_1_601' title='bbox 0 0 1632 5310; x_wconf 95' lang='lat' dir='ltr'><strong> </strong></span> 
     </span>
    </p>
   </div>
  </div>
 </body>
</html>
