<?xml version="1.0" encoding="UTF-8"?>
<!DOCTYPE html PUBLIC "-//W3C//DTD XHTML 1.0 Transitional//EN"
    "http://www.w3.org/TR/xhtml1/DTD/xhtml1-transitional.dtd">
<html xmlns="http://www.w3.org/1999/xhtml" xml:lang="en" lang="en">
 <head>
  <title>
</title>
<meta http-equiv="Content-Type" content="text/html;charset=utf-8" />
  <meta name='ocr-system' content='tesseract 3.04.00' />
  <meta name='ocr-capabilities' content='ocr_page ocr_carea ocr_par ocr_line ocrx_word'/>
</head>
<body>
  <div class='ocr_page' id='page_1' title='image "./lexiconfrisicum00halbgoog_0501.png"; bbox 0 0 3256 5310; ppageno 0'>
   <div class='ocr_carea' id='block_1_1' title="bbox 163 203 562 414">
    <p class='ocr_par' dir='ltr' id='par_1_1' title="bbox 163 203 562 414">
     <span class='ocr_line' id='line_1_1' title="bbox 163 203 222 263; baseline 0 -1"><span class='ocrx_word' id='word_1_1' title='bbox 163 203 222 263; x_wconf 70' lang='lat'><strong>⁹88</strong></span> 
     </span>
     <span class='ocr_line' id='line_1_2' title="bbox 424 352 562 414; baseline -0.014 0"><span class='ocrx_word' id='word_1_2' title='bbox 424 352 562 414; x_wconf 67' lang='lat' dir='ltr'><strong>dauon.</strong></span> 
     </span>
    </p>
   </div>
   <div class='ocr_carea' id='block_1_2' title="bbox 1099 209 1525 419">
    <p class='ocr_par' dir='ltr' id='par_1_2' title="bbox 1099 209 1525 419">
     <span class='ocr_line' id='line_1_3' title="bbox 1467 209 1525 265; baseline 0 0"><span class='ocrx_word' id='word_1_3' title='bbox 1467 209 1525 265; x_wconf 81' lang='lat'><strong>984</strong></span> 
     </span>
     <span class='ocr_line' id='line_1_4' title="bbox 1099 357 1288 419; baseline -0.005 0"><span class='ocrx_word' id='word_1_4' title='bbox 1099 357 1288 419; x_wconf 82' lang='lat' dir='ltr'><strong>FANTJOM.</strong></span> 
     </span>
    </p>
   </div>
   <div class='ocr_carea' id='block_1_3' title="bbox 164 424 1524 512">
    <p class='ocr_par' dir='ltr' id='par_1_3' title="bbox 164 424 1524 512">
     <span class='ocr_line' id='line_1_5' title="bbox 164 424 1524 512; baseline 0.001 -18"><span class='ocrx_word' id='word_1_5' title='bbox 164 432 383 508; x_wconf 75' lang='lat' dir='ltr'><strong>bord-fang,</strong></span> <span class='ocrx_word' id='word_1_6' title='bbox 409 432 475 491; x_wconf 73' lang='lat' dir='ltr'><strong>lav.</strong></span> <span class='ocrx_word' id='word_1_7' title='bbox 498 424 685 509; x_wconf 76' lang='lat' dir='ltr'><strong>apprehensio</strong></span> <span class='ocrx_word' id='word_1_8' title='bbox 706 430 827 492; x_wconf 86' lang='lat' dir='ltr'><strong>violenta</strong></span> <span class='ocrx_word' id='word_1_9' title='bbox 863 432 1087 512; x_wconf 80' lang='lat' dir='ltr'><strong>helel-sang,</strong></span> <span class='ocrx_word' id='word_1_10' title='bbox 1122 435 1154 496; x_wconf 83' lang='lat' dir='ltr'><strong>F.</strong></span> <span class='ocrx_word' id='word_1_11' title='bbox 1164 455 1187 496; x_wconf 84' lang='lat' dir='ltr'><strong>a.</strong></span> <span class='ocrx_word' id='word_1_12' title='bbox 1215 434 1357 511; x_wconf 85' lang='lat' dir='ltr'><strong>judicialia</strong></span> <span class='ocrx_word' id='word_1_13' title='bbox 1389 436 1524 497; x_wconf 74' lang='lat' dir='ltr'><strong>immissio</strong></span> 
     </span>
    </p>
   </div>
   <div class='ocr_carea' id='block_1_4' title="bbox 163 507 828 817">
    <p class='ocr_par' dir='ltr' id='par_1_4' title="bbox 201 507 828 666">
     <span class='ocr_line' id='line_1_6' title="bbox 202 507 828 588; baseline -0.002 -18"><span class='ocrx_word' id='word_1_14' title='bbox 202 509 313 580; x_wconf 81' lang='lat' dir='ltr'><strong>barbae,</strong></span> <span class='ocrx_word' id='word_1_15' title='bbox 333 508 410 588; x_wconf 88' lang='lat' dir='ltr'><strong>quod</strong></span> <span class='ocrx_word' id='word_1_16' title='bbox 431 527 572 568; x_wconf 85' lang='lat' dir='ltr'><strong>summum</strong></span> <span class='ocrx_word' id='word_1_17' title='bbox 593 507 675 567; x_wconf 77' lang='lat' dir='ltr'><strong>Frisii</strong></span> <span class='ocrx_word' id='word_1_18' title='bbox 689 507 828 569; x_wconf 89' lang='lat' dir='ltr'><strong>habebant</strong></span> 
     </span>
     <span class='ocr_line' id='line_1_7' title="bbox 201 587 382 666; baseline -0.006 -20"><span class='ocrx_word' id='word_1_19' title='bbox 201 587 382 666; x_wconf 81' lang='lat' dir='ltr'><strong>vituperium.</strong></span> 
     </span>
    </p>

    <p class='ocr_par' dir='ltr' id='par_1_5' title="bbox 163 663 828 817">
     <span class='ocr_line' id='line_1_8' title="bbox 163 663 828 742; baseline -0.005 -17"><span class='ocrx_word' id='word_1_20' title='bbox 163 666 330 742; x_wconf 80' lang='lat' dir='ltr'><strong>bisanga,</strong></span> <span class='ocrx_word' id='word_1_21' title='bbox 357 663 434 724; x_wconf 77' lang='lat' dir='ltr'><strong>aba.</strong></span> <span class='ocrx_word' id='word_1_22' title='bbox 455 681 566 741; x_wconf 87' lang='lat' dir='ltr'><strong>capere,</strong></span> <span class='ocrx_word' id='word_1_23' title='bbox 594 681 662 721; x_wconf 89' lang='lat' dir='ltr'><strong>occu</strong></span> <span class='ocrx_word' id='word_1_24' title='bbox 684 682 745 733; x_wconf 87' lang='lat' dir='ltr'><strong>are,</strong></span> <span class='ocrx_word' id='word_1_25' title='bbox 772 665 828 722; x_wconf 89' lang='lat' dir='ltr'><strong>affi-</strong></span> 
     </span>
     <span class='ocr_line' id='line_1_9' title="bbox 202 683 828 817; baseline -0.002 -16"><span class='ocrx_word' id='word_1_26' title='bbox 202 760 278 813; x_wconf 88' lang='lat' dir='ltr'><strong>cere,</strong></span> <span class='ocrx_word' id='word_1_27' title='bbox 304 747 408 800; x_wconf 81' lang='lat' dir='ltr'><strong>tenere.</strong></span> <span class='ocrx_word' id='word_1_28' title='bbox 438 741 479 799; x_wconf 83' lang='lat' dir='ltr'><strong>la·</strong></span> <span class='ocrx_word' id='word_1_29' title='bbox 503 740 587 798; x_wconf 72' lang='lat' dir='ltr'><strong>leae</strong></span> <span class='ocrx_word' id='word_1_30' title='bbox 611 683 690 817; x_wconf 74' lang='lat' dir='ltr'><strong>mole</strong></span> <span class='ocrx_word' id='word_1_31' title='bbox 711 760 770 817; x_wconf 71' lang='lat' dir='ltr'><strong>rapa</strong></span> <span class='ocrx_word' id='word_1_32' title='bbox 789 741 828 799; x_wconf 77' lang='lat' dir='ltr'><strong>ei·</strong></span> 
     </span>
    </p>
   </div>
   <div class='ocr_carea' id='block_1_5' title="bbox 901 512 1526 667">
    <p class='ocr_par' dir='ltr' id='par_1_6' title="bbox 901 512 1526 667">
     <span class='ocr_line' id='line_1_10' title="bbox 901 512 1525 590; baseline 0.005 -19"><span class='ocrx_word' id='word_1_33' title='bbox 901 530 1000 571; x_wconf 85' lang='lat' dir='ltr'><strong>manue</strong></span> <span class='ocrx_word' id='word_1_34' title='bbox 1026 513 1067 571; x_wconf 88' lang='lat' dir='ltr'><strong>rei</strong></span> <span class='ocrx_word' id='word_1_35' title='bbox 1093 512 1121 571; x_wconf 91' lang='lat' dir='ltr'><strong>in</strong></span> <span class='ocrx_word' id='word_1_36' title='bbox 1148 532 1251 590; x_wconf 86' lang='lat' dir='ltr'><strong>aquam</strong></span> <span class='ocrx_word' id='word_1_37' title='bbox 1277 513 1458 573; x_wconf 84' lang='lat' dir='ltr'><strong>ebullientem</strong></span> <span class='ocrx_word' id='word_1_38' title='bbox 1482 533 1525 574; x_wconf 90' lang='lat' dir='ltr'><strong>ca·</strong></span> 
     </span>
     <span class='ocr_line' id='line_1_11' title="bbox 902 588 1526 667; baseline 0.003 -19"><span class='ocrx_word' id='word_1_39' title='bbox 902 588 979 649; x_wconf 83' lang='lat' dir='ltr'><strong>cabi:</strong></span> <span class='ocrx_word' id='word_1_40' title='bbox 1019 589 1066 647; x_wconf 85' lang='lat' dir='ltr'><strong>Isl.</strong></span> <span class='ocrx_word' id='word_1_41' title='bbox 1097 591 1251 667; x_wconf 68' lang='lat' dir='ltr'><strong>ketil-sang,</strong></span> <span class='ocrx_word' id='word_1_42' title='bbox 1285 591 1376 661; x_wconf 90' lang='lat' dir='ltr'><strong>idem;</strong></span> <span class='ocrx_word' id='word_1_43' title='bbox 1409 592 1526 650; x_wconf 72' lang='lat' dir='ltr'><strong>vellendi</strong></span> 
     </span>
    </p>
   </div>
   <div class='ocr_carea' id='block_1_6' title="bbox 902 665 1523 822">
    <p class='ocr_par' dir='ltr' id='par_1_7' title="bbox 902 665 1523 822">
     <span class='ocr_line' id='line_1_12' title="bbox 902 665 1523 743; baseline 0.005 -19"><span class='ocrx_word' id='word_1_44' title='bbox 902 667 985 737; x_wconf 72' lang='lat' dir='ltr'><strong>aaut,</strong></span> <span class='ocrx_word' id='word_1_45' title='bbox 1011 665 1096 724; x_wconf 82' lang='lat' dir='ltr'><strong>lebeti</strong></span> <span class='ocrx_word' id='word_1_46' title='bbox 1116 667 1247 738; x_wconf 80' lang='lat' dir='ltr'><strong>ferventi,</strong></span> <span class='ocrx_word' id='word_1_47' title='bbox 1271 667 1344 743; x_wconf 82' lang='lat' dir='ltr'><strong>Egil.</strong></span> <span class='ocrx_word' id='word_1_48' title='bbox 1363 670 1429 728; x_wconf 73' lang='lat' dir='ltr'><strong>eol.</strong></span> <span class='ocrx_word' id='word_1_49' title='bbox 1459 669 1523 727; x_wconf 73' lang='lat' dir='ltr'><strong>nv.</strong></span> 
     </span>
     <span class='ocr_line' id='line_1_13' title="bbox 902 742 1486 822; baseline 0.005 -22"><span class='ocrx_word' id='word_1_50' title='bbox 902 763 938 801; x_wconf 78' lang='lat' dir='ltr'><strong>en</strong></span> <span class='ocrx_word' id='word_1_51' title='bbox 956 742 993 800; x_wconf 85' lang='lat' dir='ltr'><strong>de</strong></span> <span class='ocrx_word' id='word_1_52' title='bbox 1012 743 1138 802; x_wconf 80' lang='lat' dir='ltr'><strong>welleade</strong></span> <span class='ocrx_word' id='word_1_53' title='bbox 1156 763 1238 820; x_wconf 74' lang='lat' dir='ltr'><strong>wege,</strong></span> <span class='ocrx_word' id='word_1_54' title='bbox 1258 763 1338 822; x_wconf 83' lang='lat' dir='ltr'><strong>aquae</strong></span> <span class='ocrx_word' id='word_1_55' title='bbox 1358 745 1486 805; x_wconf 78' lang='lat' dir='ltr'><strong>ferventi.</strong></span> 
     </span>
    </p>
   </div>
   <div class='ocr_carea' id='block_1_7' title="bbox 192 816 1525 899">
    <p class='ocr_par' dir='ltr' id='par_1_8' title="bbox 192 816 1525 899">
     <span class='ocr_line' id='line_1_14' title="bbox 192 816 1525 899; baseline 0.002 -22"><span class='ocrx_word' id='word_1_56' title='bbox 192 822 279 896; x_wconf 73' lang='lat' dir='ltr'><strong>sangi</strong></span> <span class='ocrx_word' id='word_1_57' title='bbox 297 818 328 876; x_wconf 85' lang='lat' dir='ltr'><strong>di</strong></span> <span class='ocrx_word' id='word_1_58' title='bbox 346 837 421 890; x_wconf 77' lang='lat' dir='ltr'><strong>mee,</strong></span> <span class='ocrx_word' id='word_1_59' title='bbox 451 816 508 876; x_wconf 84' lang='lat' dir='ltr'><strong>vini</strong></span> <span class='ocrx_word' id='word_1_60' title='bbox 528 817 607 894; x_wconf 92' lang='lat' dir='ltr'><strong>potio</strong></span> <span class='ocrx_word' id='word_1_61' title='bbox 627 823 750 876; x_wconf 84' lang='lat' dir='ltr'><strong>extrema</strong></span> <span class='ocrx_word' id='word_1_62' title='bbox 769 819 828 876; x_wconf 89' lang='lat' dir='ltr'><strong>ine·</strong></span> <span class='ocrx_word' id='word_1_63' title='bbox 864 821 964 890; x_wconf 82' lang='lat' dir='ltr'><strong>onia,</strong></span> <span class='ocrx_word' id='word_1_64' title='bbox 996 820 1059 878; x_wconf 77' lang='lat' dir='ltr'><strong>nv.</strong></span> <span class='ocrx_word' id='word_1_65' title='bbox 1087 821 1270 897; x_wconf 87' lang='lat' dir='ltr'><strong>prehendere,</strong></span> <span class='ocrx_word' id='word_1_66' title='bbox 1303 822 1525 899; x_wconf 87' lang='lat' dir='ltr'><strong>apprehendere,</strong></span> 
     </span>
    </p>
   </div>
   <div class='ocr_carea' id='block_1_8' title="bbox 162 896 829 1743">
    <p class='ocr_par' dir='ltr' id='par_1_9' title="bbox 162 896 829 1743">
     <span class='ocr_line' id='line_1_15' title="bbox 202 896 443 955; baseline 0 -1"><span class='ocrx_word' id='word_1_67' title='bbox 202 896 274 955; x_wconf 90' lang='lat' dir='ltr'><strong>briat</strong></span> <span class='ocrx_word' id='word_1_68' title='bbox 293 896 443 955; x_wconf 87' lang='lat' dir='ltr'><strong>bominem.</strong></span> 
     </span>
     <span class='ocr_line' id='line_1_16' title="bbox 162 969 829 1050; baseline -0.007 -16"><span class='ocrx_word' id='word_1_69' title='bbox 162 973 307 1050; x_wconf 84' lang='lat' dir='ltr'><strong>biiang,</strong></span> <span class='ocrx_word' id='word_1_70' title='bbox 340 972 406 1032; x_wconf 66' lang='lat' dir='ltr'><strong>lav.</strong></span> <span class='ocrx_word' id='word_1_71' title='bbox 440 970 554 1050; x_wconf 83' lang='lat' dir='ltr'><strong>proprie</strong></span> <span class='ocrx_word' id='word_1_72' title='bbox 587 969 707 1050; x_wconf 80' lang='lat' dir='ltr'><strong>capedo,</strong></span> <span class='ocrx_word' id='word_1_73' title='bbox 740 971 829 1030; x_wconf 90' lang='lat' dir='ltr'><strong>ambi·</strong></span> 
     </span>
     <span class='ocr_line' id='line_1_17' title="bbox 200 1047 828 1126; baseline -0.003 -17"><span class='ocrx_word' id='word_1_74' title='bbox 200 1057 261 1122; x_wconf 84' lang='lat' dir='ltr'><strong>lue,</strong></span> <span class='ocrx_word' id='word_1_75' title='bbox 282 1048 330 1109; x_wconf 89' lang='lat' dir='ltr'><strong>Nl.</strong></span> <span class='ocrx_word' id='word_1_76' title='bbox 350 1069 473 1126; x_wconf 77' lang='lat' dir='ltr'><strong>omvnnp,</strong></span> <span class='ocrx_word' id='word_1_77' title='bbox 499 1047 648 1117; x_wconf 59' lang='lat' dir='ltr'><strong>circuitum</strong></span> <span class='ocrx_word' id='word_1_78' title='bbox 675 1054 828 1108; x_wconf 75' lang='lat' dir='ltr'><strong>conuentus</strong></span> 
     </span>
     <span class='ocr_line' id='line_1_18' title="bbox 201 1123 828 1203; baseline -0.003 -18"><span class='ocrx_word' id='word_1_79' title='bbox 201 1126 342 1203; x_wconf 85' lang='lat' dir='ltr'><strong>(judicii),</strong></span> <span class='ocrx_word' id='word_1_80' title='bbox 365 1125 447 1185; x_wconf 86' lang='lat' dir='ltr'><strong>va.</strong></span> <span class='ocrx_word' id='word_1_81' title='bbox 465 1125 586 1202; x_wconf 59' lang='lat' dir='ltr'><strong>ddeenqlt</strong></span> <span class='ocrx_word' id='word_1_82' title='bbox 605 1123 653 1183; x_wconf 76' lang='lat' dir='ltr'><strong>cler</strong></span> <span class='ocrx_word' id='word_1_83' title='bbox 670 1125 754 1196; x_wconf 75' lang='lat' dir='ltr'><strong>eladi,</strong></span> <span class='ocrx_word' id='word_1_84' title='bbox 778 1127 828 1184; x_wconf 91' lang='lat' dir='ltr'><strong>cir·</strong></span> 
     </span>
     <span class='ocr_line' id='line_1_19' title="bbox 202 1200 829 1296; baseline -0.003 -33"><span class='ocrx_word' id='word_1_85' title='bbox 202 1204 370 1296; x_wconf 72' lang='lat' dir='ltr'><strong>cpmjectum</strong></span> <span class='ocrx_word' id='word_1_86' title='bbox 403 1202 573 1294; x_wconf 72' lang='lat' dir='ltr'><strong>territorium</strong></span> <span class='ocrx_word' id='word_1_87' title='bbox 607 1200 699 1272; x_wconf 84' lang='lat' dir='ltr'><strong>urbia;</strong></span> <span class='ocrx_word' id='word_1_88' title='bbox 730 1202 829 1261; x_wconf 89' lang='lat' dir='ltr'><strong>anbur-</strong></span> 
     </span>
     <span class='ocr_line' id='line_1_20' title="bbox 163 1280 828 1447; baseline -0.005 -29"><span class='ocrx_word' id='word_1_89' title='bbox 163 1280 660 1447; x_wconf 44' lang='lat' dir='ltr'><strong>selba-Siblbrgflilabyehzaelrsse&#39;ditae</strong></span> <span class='ocrx_word' id='word_1_90' title='bbox 687 1376 722 1415; x_wconf 82' lang='lat' dir='ltr'><strong>ex</strong></span> <span class='ocrx_word' id='word_1_91' title='bbox 742 1354 828 1432; x_wconf 29' lang='lat' dir='ltr'><strong>,bonie</strong></span> 
     </span>
     <span class='ocr_line' id='line_1_21' title="bbox 201 1433 680 1511; baseline -0.013 -16"><span class='ocrx_word' id='word_1_92' title='bbox 201 1434 306 1495; x_wconf 79' lang='lat' dir='ltr'><strong>relictio</strong></span> <span class='ocrx_word' id='word_1_93' title='bbox 325 1441 418 1494; x_wconf 81' lang='lat' dir='ltr'><strong>amitae</strong></span> <span class='ocrx_word' id='word_1_94' title='bbox 437 1433 553 1509; x_wconf 82' lang='lat' dir='ltr'><strong>(sororia</strong></span> <span class='ocrx_word' id='word_1_95' title='bbox 573 1433 680 1511; x_wconf 82' lang='lat' dir='ltr'><strong>patria.)</strong></span> 
     </span>
     <span class='ocr_line' id='line_1_22' title="bbox 163 1511 829 1588; baseline -0.003 -16"><span class='ocrx_word' id='word_1_96' title='bbox 163 1512 430 1588; x_wconf 74' lang='lat' dir='ltr'><strong>fiale-ianget,</strong></span> <span class='ocrx_word' id='word_1_97' title='bbox 459 1530 501 1588; x_wconf 91' lang='lat' dir='ltr'><strong>og.</strong></span> <span class='ocrx_word' id='word_1_98' title='bbox 528 1511 609 1587; x_wconf 77' lang='lat' dir='ltr'><strong>gavia</strong></span> <span class='ocrx_word' id='word_1_99' title='bbox 636 1529 735 1588; x_wconf 83' lang='lat' dir='ltr'><strong>parra,</strong></span> <span class='ocrx_word' id='word_1_100' title='bbox 765 1529 829 1588; x_wconf 81' lang='lat' dir='ltr'><strong>qum</strong></span> 
     </span>
     <span class='ocr_line' id='line_1_23' title="bbox 202 1587 829 1743; baseline -0.003 -18"><span class='ocrx_word' id='word_1_101' title='bbox 202 1607 434 1743; x_wconf 67' lang='lat' dir='ltr'><strong>{ll5:¹¹⁰,.{‚¹¹,‘.¹³’</strong></span> <span class='ocrx_word' id='word_1_102' title='bbox 447 1589 490 1724; x_wconf 53' lang='grc' dir='ltr'><em>Γ</em></span> <span class='ocrx_word' id='word_1_103' title='bbox 505 1587 829 1742; x_wconf 59' lang='lat' dir='ltr'><strong>,thlasllhl’ll&#39;</strong></span> 
     </span>
    </p>
   </div>
   <div class='ocr_carea' id='block_1_9' title="bbox 203 1741 828 1956">
    <p class='ocr_par' dir='ltr' id='par_1_10' title="bbox 203 1741 828 1956">
     <span class='ocr_line' id='line_1_24' title="bbox 205 1741 827 1820; baseline -0.005 -17"><span class='ocrx_word' id='word_1_104' title='bbox 205 1745 306 1820; x_wconf 78' lang='lat' dir='ltr'><strong>Fenpe,</strong></span> <span class='ocrx_word' id='word_1_105' title='bbox 326 1761 426 1820; x_wconf 89' lang='lat' dir='ltr'><strong>capere</strong></span> <span class='ocrx_word' id='word_1_106' title='bbox 446 1742 552 1818; x_wconf 82' lang='lat' dir='ltr'><strong>piecea:</strong></span> <span class='ocrx_word' id='word_1_107' title='bbox 574 1741 597 1798; x_wconf 79' lang='lat' dir='ltr'><strong>il</strong></span> <span class='ocrx_word' id='word_1_108' title='bbox 609 1742 659 1799; x_wconf 82' lang='lat' dir='ltr'><strong>wel</strong></span> <span class='ocrx_word' id='word_1_109' title='bbox 673 1746 718 1800; x_wconf 78' lang='lat' dir='ltr'><strong>ret</strong></span> <span class='ocrx_word' id='word_1_110' title='bbox 726 1745 827 1817; x_wconf 77' lang='lat' dir='ltr'><strong>saepe,</strong></span> 
     </span>
     <span class='ocr_line' id='line_1_25' title="bbox 203 1817 828 1956; baseline -0.005 -78"><span class='ocrx_word' id='word_1_111' title='bbox 203 1820 294 1956; x_wconf 63' lang='lat' dir='ltr'><strong>piceae</strong></span> <span class='ocrx_word' id='word_1_112' title='bbox 329 1838 359 1877; x_wconf 82' lang='lat' dir='ltr'><strong>ee</strong></span> <span class='ocrx_word' id='word_1_113' title='bbox 392 1819 454 1896; x_wconf 85' lang='lat' dir='ltr'><strong>capi</strong></span> <span class='ocrx_word' id='word_1_114' title='bbox 481 1837 538 1877; x_wconf 92' lang='lat' dir='ltr'><strong>non</strong></span> <span class='ocrx_word' id='word_1_115' title='bbox 566 1817 675 1889; x_wconf 78' lang='lat' dir='ltr'><strong>sinunt,</strong></span> <span class='ocrx_word' id='word_1_116' title='bbox 705 1819 828 1896; x_wconf 76' lang='lat' dir='ltr'><strong>piscatus</strong></span> 
     </span>
    </p>
   </div>
   <div class='ocr_carea' id='block_1_10' title="bbox 166 1894 832 3034">
    <p class='ocr_par' dir='ltr' id='par_1_11' title="bbox 166 1894 832 3034">
     <span class='ocr_line' id='line_1_26' title="bbox 223 1894 830 1970; baseline -0.003 -16"><span class='ocrx_word' id='word_1_117' title='bbox 223 1895 278 1955; x_wconf 90' lang='lat' dir='ltr'><strong>aud</strong></span> <span class='ocrx_word' id='word_1_118' title='bbox 308 1895 441 1955; x_wconf 76' lang='lat' dir='ltr'><strong>succedit.</strong></span> <span class='ocrx_word' id='word_1_119' title='bbox 481 1894 634 1970; x_wconf 79' lang='lat' dir='ltr'><strong>Analogice</strong></span> <span class='ocrx_word' id='word_1_120' title='bbox 666 1896 690 1953; x_wconf 82' lang='lat' dir='ltr'><strong>it</strong></span> <span class='ocrx_word' id='word_1_121' title='bbox 717 1896 830 1954; x_wconf 75' lang='lat' dir='ltr'><strong>muleeat</strong></span> 
     </span>
     <span class='ocr_line' id='line_1_27' title="bbox 203 1970 830 2050; baseline -0.003 -18"><span class='ocrx_word' id='word_1_122' title='bbox 203 1973 290 2043; x_wconf 77' lang='lat' dir='ltr'><strong>raiae,</strong></span> <span class='ocrx_word' id='word_1_123' title='bbox 318 1972 413 2050; x_wconf 82' lang='lat' dir='ltr'><strong>pluria</strong></span> <span class='ocrx_word' id='word_1_124' title='bbox 438 1991 495 2031; x_wconf 87' lang='lat' dir='ltr'><strong>non</strong></span> <span class='ocrx_word' id='word_1_125' title='bbox 516 1972 578 2030; x_wconf 84' lang='lat' dir='ltr'><strong>vult</strong></span> <span class='ocrx_word' id='word_1_126' title='bbox 598 1970 779 2042; x_wconf 55' lang='lat' dir='ltr'><strong>descendere</strong></span> <span class='ocrx_word' id='word_1_127' title='bbox 806 1973 830 2030; x_wconf 78' lang='lat' dir='ltr'><strong>ie</strong></span> 
     </span>
     <span class='ocr_line' id='line_1_28' title="bbox 199 2050 830 2187; baseline -0.006 0"><span class='ocrx_word' id='word_1_128' title='bbox 199 2050 417 2187; x_wconf 51' lang='lat' dir='ltr'><strong>librili</strong></span> <span class='ocrx_word' id='word_1_129' title='bbox 433 2052 830 2186; x_wconf 49' lang='lat' dir='ltr'><strong>&#39;iil‘hiilibil‘u‘ffloem</strong></span> 
     </span>
     <span class='ocr_line' id='line_1_29' title="bbox 166 2203 829 2281; baseline 0 -17"><span class='ocrx_word' id='word_1_130' title='bbox 166 2203 371 2281; x_wconf 77' lang='lat' dir='ltr'><strong>hale-sang,</strong></span> <span class='ocrx_word' id='word_1_131' title='bbox 400 2203 431 2262; x_wconf 85' lang='lat' dir='ltr'><strong>F.</strong></span> <span class='ocrx_word' id='word_1_132' title='bbox 443 2223 468 2262; x_wconf 84' lang='lat' dir='ltr'><strong>r.</strong></span> <span class='ocrx_word' id='word_1_133' title='bbox 499 2203 576 2277; x_wconf 86' lang='lat' dir='ltr'><strong>(colli</strong></span> <span class='ocrx_word' id='word_1_134' title='bbox 606 2205 724 2280; x_wconf 79' lang='lat' dir='ltr'><strong>eaptus.)</strong></span> <span class='ocrx_word' id='word_1_135' title='bbox 762 2205 829 2279; x_wconf 74' lang='lat' dir='ltr'><strong>age.</strong></span> 
     </span>
     <span class='ocr_line' id='line_1_30' title="bbox 202 2278 829 2357; baseline -0.002 -17"><span class='ocrx_word' id='word_1_136' title='bbox 202 2281 342 2357; x_wconf 68' lang='lat' dir='ltr'><strong>helpfeng,</strong></span> <span class='ocrx_word' id='word_1_137' title='bbox 370 2281 473 2340; x_wconf 88' lang='lat' dir='ltr'><strong>collum</strong></span> <span class='ocrx_word' id='word_1_138' title='bbox 500 2281 589 2339; x_wconf 79' lang='lat' dir='ltr'><strong>soatio</strong></span> <span class='ocrx_word' id='word_1_139' title='bbox 609 2278 766 2339; x_wconf 84' lang='lat' dir='ltr'><strong>columbari</strong></span> <span class='ocrx_word' id='word_1_140' title='bbox 789 2281 829 2339; x_wconf 91' lang='lat' dir='ltr'><strong>in·</strong></span> 
     </span>
     <span class='ocr_line' id='line_1_31' title="bbox 205 2356 830 2433; baseline -0.003 -16"><span class='ocrx_word' id='word_1_141' title='bbox 205 2359 313 2417; x_wconf 76' lang='lat' dir='ltr'><strong>clusum</strong></span> <span class='ocrx_word' id='word_1_142' title='bbox 333 2357 363 2421; x_wconf 89' lang='lat' dir='ltr'><strong>in</strong></span> <span class='ocrx_word' id='word_1_143' title='bbox 383 2363 494 2416; x_wconf 73' lang='lat' dir='ltr'><strong>catania.</strong></span> <span class='ocrx_word' id='word_1_144' title='bbox 524 2357 589 2416; x_wconf 65' lang='lat' dir='ltr'><strong>lla.</strong></span> <span class='ocrx_word' id='word_1_145' title='bbox 609 2357 760 2433; x_wconf 69' lang='lat' dir='ltr'><strong>ada-saep,</strong></span> <span class='ocrx_word' id='word_1_146' title='bbox 783 2356 830 2416; x_wconf 89' lang='lat' dir='ltr'><strong>de·</strong></span> 
     </span>
     <span class='ocr_line' id='line_1_32' title="bbox 204 2432 829 2511; baseline 0 -18"><span class='ocrx_word' id='word_1_147' title='bbox 204 2436 303 2494; x_wconf 89' lang='lat' dir='ltr'><strong>lictum</strong></span> <span class='ocrx_word' id='word_1_148' title='bbox 341 2433 369 2492; x_wconf 82' lang='lat' dir='ltr'><strong>ui</strong></span> <span class='ocrx_word' id='word_1_149' title='bbox 407 2432 595 2511; x_wconf 87' lang='lat' dir='ltr'><strong>compellendi</strong></span> <span class='ocrx_word' id='word_1_150' title='bbox 627 2434 761 2492; x_wconf 80' lang='lat' dir='ltr'><strong>feminam</strong></span> <span class='ocrx_word' id='word_1_151' title='bbox 794 2434 829 2493; x_wconf 91' lang='lat' dir='ltr'><strong>ad</strong></span> 
     </span>
     <span class='ocr_line' id='line_1_33' title="bbox 204 2510 832 2647; baseline -0.003 -76"><span class='ocrx_word' id='word_1_152' title='bbox 204 2510 412 2572; x_wconf 87' lang='lat' dir='ltr'><strong>matrimonium</strong></span> <span class='ocrx_word' id='word_1_153' title='bbox 421 2537 428 2571; x_wconf 79' lang='lat' dir='ltr'><strong>a</strong></span> <span class='ocrx_word' id='word_1_154' title='bbox 426 2511 506 2647; x_wconf 51' lang='lat' dir='ltr'><strong>wilzi</strong></span> <span class='ocrx_word' id='word_1_155' title='bbox 530 2512 566 2587; x_wconf 72' lang='lat' dir='ltr'><strong>ey</strong></span> <span class='ocrx_word' id='word_1_156' title='bbox 591 2510 658 2588; x_wconf 75' lang='lat' dir='ltr'><strong>dyae</strong></span> <span class='ocrx_word' id='word_1_157' title='bbox 684 2511 832 2569; x_wconf 70' lang='lat' dir='ltr'><strong>mendacia!</strong></span> 
     </span>
     <span class='ocr_line' id='line_1_34' title="bbox 203 2587 831 2662; baseline -0.005 -12"><span class='ocrx_word' id='word_1_158' title='bbox 203 2594 266 2650; x_wconf 74' lang='lat' dir='ltr'><strong>treet</strong></span> <span class='ocrx_word' id='word_1_159' title='bbox 290 2589 407 2647; x_wconf 76' lang='lat' dir='ltr'><strong>laetere</strong></span> <span class='ocrx_word' id='word_1_160' title='bbox 456 2591 461 2602; x_wconf 88' lang='lat'>&#39;</span> <span class='ocrx_word' id='word_1_161' title='bbox 514 2587 831 2662; x_wconf 70' lang='lat' dir='ltr'><strong>eredehidetreijstoe</strong></span> 
     </span>
     <span class='ocr_line' id='line_1_35' title="bbox 204 2664 830 2742; baseline -0.003 -17"><span class='ocrx_word' id='word_1_162' title='bbox 204 2669 281 2742; x_wconf 69' lang='lat' dir='ltr'><strong>nesle</strong></span> <span class='ocrx_word' id='word_1_163' title='bbox 306 2666 430 2741; x_wconf 75' lang='lat' dir='ltr'><strong>onseeedt,</strong></span> <span class='ocrx_word' id='word_1_164' title='bbox 457 2683 500 2723; x_wconf 84' lang='lat' dir='ltr'><strong>aec</strong></span> <span class='ocrx_word' id='word_1_165' title='bbox 524 2664 592 2724; x_wconf 74' lang='lat' dir='ltr'><strong>actii</strong></span> <span class='ocrx_word' id='word_1_166' title='bbox 616 2664 646 2721; x_wconf 75' lang='lat' dir='ltr'><strong>ai</strong></span> <span class='ocrx_word' id='word_1_167' title='bbox 664 2664 707 2722; x_wconf 79' lang='lat' dir='ltr'><strong>dia</strong></span> <span class='ocrx_word' id='word_1_168' title='bbox 725 2684 830 2723; x_wconf 81' lang='lat' dir='ltr'><strong>monne·</strong></span> 
     </span>
     <span class='ocr_line' id='line_1_36' title="bbox 205 2741 832 2819; baseline -0.003 -17"><span class='ocrx_word' id='word_1_169' title='bbox 205 2745 275 2814; x_wconf 83' lang='lat' dir='ltr'><strong>deia,</strong></span> <span class='ocrx_word' id='word_1_170' title='bbox 296 2742 360 2801; x_wconf 80' lang='lat' dir='ltr'><strong>eade</strong></span> <span class='ocrx_word' id='word_1_171' title='bbox 378 2761 421 2802; x_wconf 86' lang='lat' dir='ltr'><strong>aee</strong></span> <span class='ocrx_word' id='word_1_172' title='bbox 432 2741 534 2819; x_wconf 84' lang='lat' dir='ltr'><strong>soerd,</strong></span> <span class='ocrx_word' id='word_1_173' title='bbox 563 2741 592 2799; x_wconf 84' lang='lat' dir='ltr'><strong>el</strong></span> <span class='ocrx_word' id='word_1_174' title='bbox 610 2741 647 2798; x_wconf 83' lang='lat' dir='ltr'><strong>de</strong></span> <span class='ocrx_word' id='word_1_175' title='bbox 658 2744 716 2818; x_wconf 71' lang='lat' dir='ltr'><strong>sps*</strong></span> <span class='ocrx_word' id='word_1_176' title='bbox 731 2742 832 2819; x_wconf 73' lang='lat' dir='ltr'><strong>deplere</strong></span> 
     </span>
     <span class='ocr_line' id='line_1_37' title="bbox 205 2819 830 2897; baseline -0.003 -17"><span class='ocrx_word' id='word_1_177' title='bbox 205 2821 251 2880; x_wconf 85' lang='lat' dir='ltr'><strong>dea</strong></span> <span class='ocrx_word' id='word_1_178' title='bbox 268 2821 421 2897; x_wconf 70' lang='lat' dir='ltr'><strong>helesenpee</strong></span> <span class='ocrx_word' id='word_1_179' title='bbox 439 2825 581 2897; x_wconf 70' lang='lat' dir='ltr'><strong>leprarum</strong></span> <span class='ocrx_word' id='word_1_180' title='bbox 601 2837 634 2876; x_wconf 81' lang='lat' dir='ltr'><strong>oe</strong></span> <span class='ocrx_word' id='word_1_181' title='bbox 652 2838 757 2890; x_wconf 75' lang='lat' dir='ltr'><strong>eume,</strong></span> <span class='ocrx_word' id='word_1_182' title='bbox 783 2819 830 2878; x_wconf 88' lang='lat' dir='ltr'><strong>ab·</strong></span> 
     </span>
     <span class='ocr_line' id='line_1_38' title="bbox 203 2895 831 2974; baseline -0.005 -17"><span class='ocrx_word' id='word_1_183' title='bbox 203 2898 280 2974; x_wconf 86' lang='lat' dir='ltr'><strong>jurat</strong></span> <span class='ocrx_word' id='word_1_184' title='bbox 308 2915 373 2955; x_wconf 88' lang='lat' dir='ltr'><strong>cum</strong></span> <span class='ocrx_word' id='word_1_185' title='bbox 399 2897 512 2956; x_wconf 74' lang='lat' dir='ltr'><strong>duobus</strong></span> <span class='ocrx_word' id='word_1_186' title='bbox 540 2895 691 2970; x_wconf 83' lang='lat' dir='ltr'><strong>conjuratis</strong></span> <span class='ocrx_word' id='word_1_187' title='bbox 717 2897 773 2955; x_wconf 84' lang='lat' dir='ltr'><strong>vim</strong></span> <span class='ocrx_word' id='word_1_188' title='bbox 794 2897 831 2954; x_wconf 86' lang='lat' dir='ltr'><strong>le·</strong></span> 
     </span>
     <span class='ocr_line' id='line_1_39' title="bbox 205 2973 830 3034; baseline -0.003 0"><span class='ocrx_word' id='word_1_189' title='bbox 205 2976 289 3034; x_wconf 85' lang='lat' dir='ltr'><strong>mima</strong></span> <span class='ocrx_word' id='word_1_190' title='bbox 313 2973 430 3033; x_wconf 86' lang='lat' dir='ltr'><strong>illatam.</strong></span> <span class='ocrx_word' id='word_1_191' title='bbox 460 2973 571 3032; x_wconf 76' lang='lat' dir='ltr'><strong>(iollam</strong></span> <span class='ocrx_word' id='word_1_192' title='bbox 598 2974 671 3031; x_wconf 84' lang='lat' dir='ltr'><strong>valet</strong></span> <span class='ocrx_word' id='word_1_193' title='bbox 690 2973 830 3032; x_wconf 87' lang='lat' dir='ltr'><strong>hominem</strong></span> 
     </span>
    </p>
   </div>
   <div class='ocr_carea' id='block_1_11' title="bbox 891 895 1575 3031">
    <p class='ocr_par' dir='ltr' id='par_1_12' title="bbox 891 895 1575 3031">
     <span class='ocr_line' id='line_1_40' title="bbox 902 895 1524 976; baseline 0.002 -20"><span class='ocrx_word' id='word_1_194' title='bbox 902 895 1153 974; x_wconf 90' lang='lat' dir='ltr'><strong>comprehendere,</strong></span> <span class='ocrx_word' id='word_1_195' title='bbox 1173 897 1296 976; x_wconf 79' lang='lat' dir='ltr'><strong>aggredi.</strong></span> <span class='ocrx_word' id='word_1_196' title='bbox 1326 900 1391 974; x_wconf 82' lang='lat' dir='ltr'><strong>Age.</strong></span> <span class='ocrx_word' id='word_1_197' title='bbox 1407 899 1524 974; x_wconf 81' lang='lat' dir='ltr'><strong>cedson,</strong></span> 
     </span>
     <span class='ocr_line' id='line_1_41' title="bbox 902 973 1524 1053; baseline 0.003 -21"><span class='ocrx_word' id='word_1_198' title='bbox 902 973 1000 1049; x_wconf 77' lang='lat' dir='ltr'><strong>eedfo,</strong></span> <span class='ocrx_word' id='word_1_199' title='bbox 1027 974 1185 1052; x_wconf 86' lang='lat' dir='ltr'><strong>percipere,</strong></span> <span class='ocrx_word' id='word_1_200' title='bbox 1212 974 1360 1053; x_wconf 82' lang='lat' dir='ltr'><strong>consequi,</strong></span> <span class='ocrx_word' id='word_1_201' title='bbox 1384 976 1524 1053; x_wconf 88' lang='lat' dir='ltr'><strong>accipere,</strong></span> 
     </span>
     <span class='ocr_line' id='line_1_42' title="bbox 902 1051 1525 1186; baseline 0.006 -78"><span class='ocrx_word' id='word_1_202' title='bbox 902 1051 950 1110; x_wconf 91' lang='lat' dir='ltr'><strong>Nl.</strong></span> <span class='ocrx_word' id='word_1_203' title='bbox 976 1055 1134 1127; x_wconf 71' lang='lat' dir='ltr'><strong>cnioenpen,</strong></span> <span class='ocrx_word' id='word_1_204' title='bbox 1159 1052 1299 1142; x_wconf 87' lang='lat' dir='ltr'><strong>accipere,</strong></span> <span class='ocrx_word' id='word_1_205' title='bbox 1325 1053 1392 1186; x_wconf 61' lang='lat' dir='ltr'><strong>Lpe.</strong></span> <span class='ocrx_word' id='word_1_206' title='bbox 1417 1053 1525 1143; x_wconf 55' lang='lat' dir='ltr'><strong>Ange.</strong></span> 
     </span>
     <span class='ocr_line' id='line_1_43' title="bbox 901 1128 1575 1282; baseline -0.015 -19"><span class='ocrx_word' id='word_1_207' title='bbox 901 1130 1130 1280; x_wconf 63' lang='lat' dir='ltr'><strong>nauatae</strong></span> <span class='ocrx_word' id='word_1_208' title='bbox 1158 1128 1526 1282; x_wconf 53' lang='lat' dir='ltr'><strong>&#39;stitiaishiftlth</strong></span> <span class='ocrx_word' id='word_1_209' title='bbox 1572 1241 1575 1246; x_wconf 92' lang='lat'><strong>.</strong></span> 
     </span>
     <span class='ocr_line' id='line_1_44' title="bbox 902 1282 1527 1359; baseline 0.002 -19"><span class='ocrx_word' id='word_1_210' title='bbox 902 1301 977 1359; x_wconf 89' lang='lat' dir='ltr'><strong>pere.</strong></span> <span class='ocrx_word' id='word_1_211' title='bbox 1009 1284 1041 1339; x_wconf 93' lang='lat' dir='ltr'><strong>Io</strong></span> <span class='ocrx_word' id='word_1_212' title='bbox 1060 1283 1165 1358; x_wconf 80' lang='lat' dir='ltr'><strong>apreelct</strong></span> <span class='ocrx_word' id='word_1_213' title='bbox 1183 1283 1213 1340; x_wconf 84' lang='lat' dir='ltr'><strong>di</strong></span> <span class='ocrx_word' id='word_1_214' title='bbox 1232 1303 1294 1341; x_wconf 81' lang='lat' dir='ltr'><strong>men</strong></span> <span class='ocrx_word' id='word_1_215' title='bbox 1312 1287 1350 1351; x_wconf 80' lang='lat' dir='ltr'><strong>to,</strong></span> <span class='ocrx_word' id='word_1_216' title='bbox 1370 1282 1419 1341; x_wconf 76' lang='lat' dir='ltr'><strong>aee</strong></span> <span class='ocrx_word' id='word_1_217' title='bbox 1438 1285 1458 1340; x_wconf 95' lang='lat' dir='ltr'><em>I</em></span> <span class='ocrx_word' id='word_1_218' title='bbox 1466 1284 1527 1342; x_wconf 80' lang='lat' dir='ltr'><strong>hine</strong></span> 
     </span>
     <span class='ocr_line' id='line_1_45' title="bbox 895 1359 1526 1437; baseline 0.005 -21"><span class='ocrx_word' id='word_1_219' title='bbox 895 1359 945 1436; x_wconf 79' lang='lat' dir='ltr'><strong>fri</strong></span> <span class='ocrx_word' id='word_1_220' title='bbox 970 1361 1104 1436; x_wconf 74' lang='lat' dir='ltr'><strong>oenfiapee</strong></span> <span class='ocrx_word' id='word_1_221' title='bbox 1131 1378 1178 1417; x_wconf 78' lang='lat' dir='ltr'><strong>oen</strong></span> <span class='ocrx_word' id='word_1_222' title='bbox 1202 1360 1239 1418; x_wconf 88' lang='lat' dir='ltr'><strong>de</strong></span> <span class='ocrx_word' id='word_1_223' title='bbox 1249 1360 1317 1434; x_wconf 79' lang='lat' dir='ltr'><strong>srie</strong></span> <span class='ocrx_word' id='word_1_224' title='bbox 1329 1359 1420 1436; x_wconf 80' lang='lat' dir='ltr'><strong>selda,</strong></span> <span class='ocrx_word' id='word_1_225' title='bbox 1448 1360 1526 1437; x_wconf 91' lang='lat' dir='ltr'><strong>quod</strong></span> 
     </span>
     <span class='ocr_line' id='line_1_46' title="bbox 903 1436 1526 1516; baseline 0.002 -22"><span class='ocrx_word' id='word_1_226' title='bbox 903 1452 954 1494; x_wconf 81' lang='lat' dir='ltr'><strong>vos</strong></span> <span class='ocrx_word' id='word_1_227' title='bbox 975 1455 1038 1494; x_wconf 92' lang='lat' dir='ltr'><strong>eum</strong></span> <span class='ocrx_word' id='word_1_228' title='bbox 1059 1444 1158 1514; x_wconf 78' lang='lat' dir='ltr'><strong>sponte</strong></span> <span class='ocrx_word' id='word_1_229' title='bbox 1178 1436 1361 1512; x_wconf 80' lang='lat' dir='ltr'><strong>aggredimini</strong></span> <span class='ocrx_word' id='word_1_230' title='bbox 1380 1436 1410 1495; x_wconf 90' lang='lat' dir='ltr'><strong>in</strong></span> <span class='ocrx_word' id='word_1_231' title='bbox 1427 1455 1526 1516; x_wconf 90' lang='lat' dir='ltr'><strong>campo</strong></span> 
     </span>
     <span class='ocr_line' id='line_1_47' title="bbox 903 1513 1527 1582; baseline 0.003 -12"><span class='ocrx_word' id='word_1_232' title='bbox 903 1513 1000 1573; x_wconf 89' lang='lat' dir='ltr'><strong>libero.</strong></span> <span class='ocrx_word' id='word_1_233' title='bbox 1031 1515 1081 1571; x_wconf 82' lang='lat' dir='ltr'><strong>Ale</strong></span> <span class='ocrx_word' id='word_1_234' title='bbox 1107 1513 1141 1570; x_wconf 85' lang='lat' dir='ltr'><strong>de</strong></span> <span class='ocrx_word' id='word_1_235' title='bbox 1169 1513 1265 1573; x_wconf 72' lang='lat' dir='ltr'><strong>diaden</strong></span> <span class='ocrx_word' id='word_1_236' title='bbox 1290 1513 1373 1571; x_wconf 77' lang='lat' dir='ltr'><strong>ierieh</strong></span> <span class='ocrx_word' id='word_1_237' title='bbox 1399 1514 1465 1582; x_wconf 77' lang='lat' dir='ltr'><strong>aiat,</strong></span> <span class='ocrx_word' id='word_1_238' title='bbox 1498 1533 1527 1572; x_wconf 84' lang='lat' dir='ltr'><strong>ao</strong></span> 
     </span>
     <span class='ocr_line' id='line_1_48' title="bbox 891 1590 1527 1665; baseline 0.002 -17"><span class='ocrx_word' id='word_1_239' title='bbox 891 1591 943 1665; x_wconf 82' lang='lat' dir='ltr'><strong>see</strong></span> <span class='ocrx_word' id='word_1_240' title='bbox 959 1590 1007 1647; x_wconf 78' lang='lat' dir='ltr'><strong>hie</strong></span> <span class='ocrx_word' id='word_1_241' title='bbox 1026 1608 1073 1648; x_wconf 82' lang='lat' dir='ltr'><strong>oea</strong></span> <span class='ocrx_word' id='word_1_242' title='bbox 1091 1591 1169 1648; x_wconf 76' lang='lat' dir='ltr'><strong>hiere</strong></span> <span class='ocrx_word' id='word_1_243' title='bbox 1187 1591 1233 1648; x_wconf 82' lang='lat' dir='ltr'><strong>eia</strong></span> <span class='ocrx_word' id='word_1_244' title='bbox 1252 1609 1341 1661; x_wconf 76' lang='lat' dir='ltr'><strong>ceree,</strong></span> <span class='ocrx_word' id='word_1_245' title='bbox 1362 1610 1425 1650; x_wconf 91' lang='lat' dir='ltr'><strong>cum</strong></span> <span class='ocrx_word' id='word_1_246' title='bbox 1446 1590 1527 1650; x_wconf 91' lang='lat' dir='ltr'><strong>liberi</strong></span> 
     </span>
     <span class='ocr_line' id='line_1_49' title="bbox 903 1666 1527 1744; baseline 0.005 -19"><span class='ocrx_word' id='word_1_247' title='bbox 903 1666 939 1725; x_wconf 91' lang='lat' dir='ltr'><strong>ad</strong></span> <span class='ocrx_word' id='word_1_248' title='bbox 965 1673 1075 1726; x_wconf 83' lang='lat' dir='ltr'><strong>aetatem</strong></span> <span class='ocrx_word' id='word_1_249' title='bbox 1098 1667 1217 1744; x_wconf 88' lang='lat' dir='ltr'><strong>imperio</strong></span> <span class='ocrx_word' id='word_1_250' title='bbox 1238 1674 1374 1726; x_wconf 91' lang='lat' dir='ltr'><strong>maturam</strong></span> <span class='ocrx_word' id='word_1_251' title='bbox 1395 1687 1527 1743; x_wconf 89' lang='lat' dir='ltr'><strong>pervene-</strong></span> 
     </span>
     <span class='ocr_line' id='line_1_50' title="bbox 904 1742 1528 1822; baseline 0.003 -21"><span class='ocrx_word' id='word_1_252' title='bbox 904 1748 983 1813; x_wconf 89' lang='lat' dir='ltr'><strong>rnnt,</strong></span> <span class='ocrx_word' id='word_1_253' title='bbox 1004 1742 1127 1816; x_wconf 84' lang='lat' dir='ltr'><strong>(adeant)</strong></span> <span class='ocrx_word' id='word_1_254' title='bbox 1141 1751 1287 1821; x_wconf 83' lang='lat' dir='ltr'><strong>capessant</strong></span> <span class='ocrx_word' id='word_1_255' title='bbox 1299 1744 1354 1820; x_wconf 87' lang='lat' dir='ltr'><strong>ipai</strong></span> <span class='ocrx_word' id='word_1_256' title='bbox 1370 1764 1451 1803; x_wconf 86' lang='lat' dir='ltr'><strong>enam</strong></span> <span class='ocrx_word' id='word_1_257' title='bbox 1465 1763 1528 1822; x_wconf 93' lang='lat' dir='ltr'><strong>pro·</strong></span> 
     </span>
     <span class='ocr_line' id='line_1_51' title="bbox 903 1820 1528 1898; baseline 0.005 -21"><span class='ocrx_word' id='word_1_258' title='bbox 903 1820 994 1898; x_wconf 87' lang='lat' dir='ltr'><strong>priam</strong></span> <span class='ocrx_word' id='word_1_259' title='bbox 1015 1820 1217 1891; x_wconf 69' lang='lat' dir='ltr'><strong>hereditatem,</strong></span> <span class='ocrx_word' id='word_1_260' title='bbox 1244 1822 1288 1880; x_wconf 88' lang='lat' dir='ltr'><strong>vel</strong></span> <span class='ocrx_word' id='word_1_261' title='bbox 1309 1841 1360 1880; x_wconf 84' lang='lat' dir='ltr'><strong>aua</strong></span> <span class='ocrx_word' id='word_1_262' title='bbox 1381 1821 1455 1881; x_wconf 87' lang='lat' dir='ltr'><strong>bona</strong></span> <span class='ocrx_word' id='word_1_263' title='bbox 1474 1822 1528 1880; x_wconf 75' lang='lat' dir='ltr'><strong>bea·</strong></span> 
     </span>
     <span class='ocr_line' id='line_1_52' title="bbox 904 1896 1528 1967; baseline 0.002 -11"><span class='ocrx_word' id='word_1_264' title='bbox 904 1896 1052 1967; x_wconf 85' lang='lat' dir='ltr'><strong>redituria,</strong></span> <span class='ocrx_word' id='word_1_265' title='bbox 1077 1898 1119 1956; x_wconf 84' lang='lat' dir='ltr'><strong>vel</strong></span> <span class='ocrx_word' id='word_1_266' title='bbox 1145 1917 1195 1956; x_wconf 85' lang='lat' dir='ltr'><strong>aua</strong></span> <span class='ocrx_word' id='word_1_267' title='bbox 1222 1897 1307 1967; x_wconf 85' lang='lat' dir='ltr'><strong>bona,</strong></span> <span class='ocrx_word' id='word_1_268' title='bbox 1335 1898 1383 1957; x_wconf 89' lang='lat' dir='ltr'><strong>Nl.</strong></span> <span class='ocrx_word' id='word_1_269' title='bbox 1403 1898 1435 1956; x_wconf 79' lang='lat' dir='ltr'><strong>de</strong></span> <span class='ocrx_word' id='word_1_270' title='bbox 1453 1901 1528 1957; x_wconf 86' lang='lat' dir='ltr'><strong>nele-</strong></span> 
     </span>
     <span class='ocr_line' id='line_1_53' title="bbox 904 1975 1527 2050; baseline 0.002 -17"><span class='ocrx_word' id='word_1_271' title='bbox 904 1976 1026 2050; x_wconf 79' lang='lat' dir='ltr'><strong>tenaeiep</strong></span> <span class='ocrx_word' id='word_1_272' title='bbox 1051 1975 1222 2034; x_wconf 73' lang='lat' dir='ltr'><strong>eenvwden.</strong></span> <span class='ocrx_word' id='word_1_273' title='bbox 1248 1975 1327 2034; x_wconf 88' lang='lat' dir='ltr'><strong>Nl.v.</strong></span> <span class='ocrx_word' id='word_1_274' title='bbox 1351 1976 1527 2045; x_wconf 68' lang='lat' dir='ltr'><strong>manerem,</strong></span> 
     </span>
     <span class='ocr_line' id='line_1_54' title="bbox 904 2050 1528 2129; baseline 0.003 -20"><span class='ocrx_word' id='word_1_275' title='bbox 904 2051 1043 2109; x_wconf 77' lang='lat' dir='ltr'><strong>hostiliter</strong></span> <span class='ocrx_word' id='word_1_276' title='bbox 1068 2050 1191 2127; x_wconf 83' lang='lat' dir='ltr'><strong>aggredi.</strong></span> <span class='ocrx_word' id='word_1_277' title='bbox 1221 2051 1300 2112; x_wconf 84' lang='lat' dir='ltr'><strong>Nl.v.</strong></span> <span class='ocrx_word' id='word_1_278' title='bbox 1326 2070 1472 2129; x_wconf 63' lang='lat' dir='ltr'><strong>amoenam</strong></span> <span class='ocrx_word' id='word_1_279' title='bbox 1492 2072 1528 2111; x_wconf 84' lang='lat' dir='ltr'><strong>ex</strong></span> 
     </span>
     <span class='ocr_line' id='line_1_55' title="bbox 904 2128 1527 2206; baseline 0.003 -20"><span class='ocrx_word' id='word_1_280' title='bbox 904 2147 968 2197; x_wconf 84' lang='lat' dir='ltr'><strong>een,</strong></span> <span class='ocrx_word' id='word_1_281' title='bbox 994 2128 1043 2197; x_wconf 89' lang='lat' dir='ltr'><strong>ad,</strong></span> <span class='ocrx_word' id='word_1_282' title='bbox 1070 2137 1098 2186; x_wconf 87' lang='lat' dir='ltr'><strong>et</strong></span> <span class='ocrx_word' id='word_1_283' title='bbox 1118 2146 1231 2204; x_wconf 77' lang='lat' dir='ltr'><strong>eenpen,</strong></span> <span class='ocrx_word' id='word_1_284' title='bbox 1259 2147 1371 2206; x_wconf 85' lang='lat' dir='ltr'><strong>rapere,</strong></span> <span class='ocrx_word' id='word_1_285' title='bbox 1391 2130 1527 2206; x_wconf 87' lang='lat' dir='ltr'><strong>arripere,</strong></span> 
     </span>
     <span class='ocr_line' id='line_1_56' title="bbox 905 2204 1529 2274; baseline 0.002 -11"><span class='ocrx_word' id='word_1_286' title='bbox 905 2204 1078 2263; x_wconf 88' lang='lat' dir='ltr'><strong>circumdare</strong></span> <span class='ocrx_word' id='word_1_287' title='bbox 1110 2204 1193 2263; x_wconf 89' lang='lat' dir='ltr'><strong>alicui</strong></span> <span class='ocrx_word' id='word_1_288' title='bbox 1227 2205 1382 2274; x_wconf 79' lang='lat' dir='ltr'><strong>custodiae,</strong></span> <span class='ocrx_word' id='word_1_289' title='bbox 1418 2215 1529 2264; x_wconf 79' lang='lat' dir='ltr'><strong>catenae</strong></span> 
     </span>
     <span class='ocr_line' id='line_1_57' title="bbox 904 2281 1531 2359; baseline 0.003 -20"><span class='ocrx_word' id='word_1_290' title='bbox 904 2281 1017 2357; x_wconf 83' lang='lat' dir='ltr'><strong>injicere</strong></span> <span class='ocrx_word' id='word_1_291' title='bbox 1037 2281 1123 2350; x_wconf 83' lang='lat' dir='ltr'><strong>eonti;</strong></span> <span class='ocrx_word' id='word_1_292' title='bbox 1148 2301 1310 2359; x_wconf 75' lang='lat' dir='ltr'><strong>eeneenpen,</strong></span> <span class='ocrx_word' id='word_1_293' title='bbox 1330 2282 1389 2340; x_wconf 87' lang='lat' dir='ltr'><strong>Lat.</strong></span> <span class='ocrx_word' id='word_1_294' title='bbox 1409 2285 1531 2358; x_wconf 62' lang='lat' dir='ltr'><strong>caepere</strong></span> 
     </span>
     <span class='ocr_line' id='line_1_58' title="bbox 906 2357 1530 2434; baseline 0.003 -18"><span class='ocrx_word' id='word_1_295' title='bbox 906 2357 997 2434; x_wconf 86' lang='lat' dir='ltr'><strong>(ad-ca</strong></span> <span class='ocrx_word' id='word_1_296' title='bbox 1020 2359 1077 2432; x_wconf 82' lang='lat' dir='ltr'><strong>ere)</strong></span> <span class='ocrx_word' id='word_1_297' title='bbox 1112 2377 1197 2416; x_wconf 76' lang='lat' dir='ltr'><strong>sensu</strong></span> <span class='ocrx_word' id='word_1_298' title='bbox 1230 2369 1352 2417; x_wconf 85' lang='lat' dir='ltr'><strong>veterum</strong></span> <span class='ocrx_word' id='word_1_299' title='bbox 1390 2359 1530 2418; x_wconf 79' lang='lat' dir='ltr'><strong>hostiliter</strong></span> 
     </span>
     <span class='ocr_line' id='line_1_59' title="bbox 905 2379 1529 2512; baseline -0.002 -19"><span class='ocrx_word' id='word_1_300' title='bbox 905 2379 1019 2510; x_wconf 78' lang='lat' dir='ltr'><strong>aggredi</strong></span> <span class='ocrx_word' id='word_1_301' title='bbox 1040 2441 1068 2493; x_wconf 91' lang='lat' dir='ltr'><strong>et</strong></span> <span class='ocrx_word' id='word_1_302' title='bbox 1087 2435 1189 2505; x_wconf 86' lang='lat' dir='ltr'><strong>iurari,</strong></span> <span class='ocrx_word' id='word_1_303' title='bbox 1212 2435 1287 2494; x_wconf 88' lang='lat' dir='ltr'><strong>unde</strong></span> <span class='ocrx_word' id='word_1_304' title='bbox 1306 2435 1443 2510; x_wconf 79' lang='lat' dir='ltr'><strong>accipiter.</strong></span> <span class='ocrx_word' id='word_1_305' title='bbox 1470 2435 1529 2512; x_wconf 80' lang='lat' dir='ltr'><strong>Qui</strong></span> 
     </span>
     <span class='ocr_line' id='line_1_60' title="bbox 906 2511 1530 2588; baseline 0.002 -18"><span class='ocrx_word' id='word_1_306' title='bbox 906 2511 1067 2588; x_wconf 85' lang='lat' dir='ltr'><strong>aggreditur</strong></span> <span class='ocrx_word' id='word_1_307' title='bbox 1087 2511 1212 2579; x_wconf 85' lang='lat' dir='ltr'><strong>inchoat,</strong></span> <span class='ocrx_word' id='word_1_308' title='bbox 1239 2512 1285 2571; x_wconf 89' lang='lat' dir='ltr'><strong>Nl.</strong></span> <span class='ocrx_word' id='word_1_309' title='bbox 1305 2531 1466 2588; x_wconf 77' lang='lat' dir='ltr'><strong>cervenpea,</strong></span> <span class='ocrx_word' id='word_1_310' title='bbox 1486 2531 1530 2571; x_wconf 92' lang='lat' dir='ltr'><strong>or·</strong></span> 
     </span>
     <span class='ocr_line' id='line_1_61' title="bbox 906 2587 1530 2664; baseline 0 -17"><span class='ocrx_word' id='word_1_311' title='bbox 906 2589 975 2658; x_wconf 88' lang='lat' dir='ltr'><strong>diri,</strong></span> <span class='ocrx_word' id='word_1_312' title='bbox 1002 2594 1034 2647; x_wconf 91' lang='lat' dir='ltr'><strong>ut</strong></span> <span class='ocrx_word' id='word_1_313' title='bbox 1060 2587 1121 2647; x_wconf 88' lang='lat' dir='ltr'><strong>Lat.</strong></span> <span class='ocrx_word' id='word_1_314' title='bbox 1149 2608 1181 2647; x_wconf 86' lang='lat' dir='ltr'><strong>ex</strong></span> <span class='ocrx_word' id='word_1_315' title='bbox 1201 2589 1230 2647; x_wconf 82' lang='lat' dir='ltr'><strong>ie</strong></span> <span class='ocrx_word' id='word_1_316' title='bbox 1250 2594 1278 2646; x_wconf 89' lang='lat' dir='ltr'><strong>et</strong></span> <span class='ocrx_word' id='word_1_317' title='bbox 1297 2606 1392 2664; x_wconf 84' lang='lat' dir='ltr'><strong>cepere</strong></span> <span class='ocrx_word' id='word_1_318' title='bbox 1409 2590 1530 2648; x_wconf 82' lang='lat' dir='ltr'><strong>formant</strong></span> 
     </span>
     <span class='ocr_line' id='line_1_62' title="bbox 904 2665 1530 2742; baseline 0.002 -19"><span class='ocrx_word' id='word_1_319' title='bbox 904 2665 1030 2741; x_wconf 70' lang='lat' dir='ltr'><strong>impete.</strong></span> <span class='ocrx_word' id='word_1_320' title='bbox 1069 2665 1223 2742; x_wconf 79' lang='lat' dir='ltr'><strong>Analogiee</strong></span> <span class='ocrx_word' id='word_1_321' title='bbox 1253 2665 1284 2725; x_wconf 83' lang='lat' dir='ltr'><strong>F.</strong></span> <span class='ocrx_word' id='word_1_322' title='bbox 1314 2666 1431 2742; x_wconf 79' lang='lat' dir='ltr'><strong>bipinne,</strong></span> <span class='ocrx_word' id='word_1_323' title='bbox 1460 2666 1530 2725; x_wconf 86' lang='lat' dir='ltr'><strong>inei·</strong></span> 
     </span>
     <span class='ocr_line' id='line_1_63' title="bbox 905 2742 1530 2820; baseline 0 -19"><span class='ocrx_word' id='word_1_324' title='bbox 905 2761 985 2820; x_wconf 87' lang='lat' dir='ltr'><strong>pere,</strong></span> <span class='ocrx_word' id='word_1_325' title='bbox 1006 2743 1136 2818; x_wconf 85' lang='lat' dir='ltr'><strong>figurate,</strong></span> <span class='ocrx_word' id='word_1_326' title='bbox 1158 2742 1249 2800; x_wconf 92' lang='lat' dir='ltr'><strong>moliri</strong></span> <span class='ocrx_word' id='word_1_327' title='bbox 1263 2742 1381 2812; x_wconf 91' lang='lat' dir='ltr'><strong>malum,</strong></span> <span class='ocrx_word' id='word_1_328' title='bbox 1402 2743 1432 2801; x_wconf 83' lang='lat' dir='ltr'><strong>F.</strong></span> <span class='ocrx_word' id='word_1_329' title='bbox 1446 2745 1530 2802; x_wconf 78' lang='lat' dir='ltr'><strong>Heeei</strong></span> 
     </span>
     <span class='ocr_line' id='line_1_64' title="bbox 904 2819 1530 2897; baseline 0.002 -19"><span class='ocrx_word' id='word_1_330' title='bbox 904 2838 962 2878; x_wconf 82' lang='lat' dir='ltr'><strong>eece</strong></span> <span class='ocrx_word' id='word_1_331' title='bbox 980 2819 1015 2894; x_wconf 79' lang='lat' dir='ltr'><strong>dy</strong></span> <span class='ocrx_word' id='word_1_332' title='bbox 1037 2824 1153 2894; x_wconf 81' lang='lat' dir='ltr'><strong>atemper</strong></span> <span class='ocrx_word' id='word_1_333' title='bbox 1173 2821 1236 2893; x_wconf 79' lang='lat' dir='ltr'><strong>tajin</strong></span> <span class='ocrx_word' id='word_1_334' title='bbox 1255 2821 1286 2877; x_wconf 72' lang='lat' dir='ltr'><strong>ete</strong></span> <span class='ocrx_word' id='word_1_335' title='bbox 1304 2820 1428 2896; x_wconf 75' lang='lat' dir='ltr'><strong>bipinne?</strong></span> <span class='ocrx_word' id='word_1_336' title='bbox 1452 2820 1530 2897; x_wconf 79' lang='lat' dir='ltr'><strong>Quid</strong></span> 
     </span>
     <span class='ocr_line' id='line_1_65' title="bbox 905 2895 1530 3030; baseline 0.005 -77"><span class='ocrx_word' id='word_1_337' title='bbox 905 2896 972 3030; x_wconf 60' lang='lat' dir='ltr'><strong>ma}i</strong></span> <span class='ocrx_word' id='word_1_338' title='bbox 999 2896 1081 3030; x_wconf 60' lang='lat' dir='ltr'><strong>bom?o</strong></span> <span class='ocrx_word' id='word_1_339' title='bbox 1108 2895 1160 2954; x_wconf 81' lang='lat' dir='ltr'><strong>iate</strong></span> <span class='ocrx_word' id='word_1_340' title='bbox 1187 2896 1336 2955; x_wconf 85' lang='lat' dir='ltr'><strong>imbecillis</strong></span> <span class='ocrx_word' id='word_1_341' title='bbox 1364 2902 1459 2956; x_wconf 90' lang='lat' dir='ltr'><strong>contra</strong></span> <span class='ocrx_word' id='word_1_342' title='bbox 1479 2915 1530 2956; x_wconf 83' lang='lat' dir='ltr'><strong>noe</strong></span> 
     </span>
     <span class='ocr_line' id='line_1_66' title="bbox 905 2973 1050 3031; baseline -0.007 0"><span class='ocrx_word' id='word_1_343' title='bbox 905 2973 1050 3031; x_wconf 90' lang='lat' dir='ltr'><strong>moiretur</strong></span> 
     </span>
    </p>
   </div>
   <div class='ocr_carea' id='block_1_12' title="bbox 205 3049 1531 3128">
    <p class='ocr_par' dir='ltr' id='par_1_13' title="bbox 205 3049 1531 3128">
     <span class='ocr_line' id='line_1_67' title="bbox 205 3049 1531 3128; baseline 0.001 -19"><span class='ocrx_word' id='word_1_344' title='bbox 205 3050 832 3128; x_wconf 61' lang='lat' dir='ltr'><strong>ipeum,eamehele,pauperhomoueeept·</strong></span> <span class='ocrx_word' id='word_1_345' title='bbox 867 3050 1032 3124; x_wconf 77' lang='lat' dir='ltr'><strong>‹in-ieng,</strong></span> <span class='ocrx_word' id='word_1_346' title='bbox 1062 3049 1249 3124; x_wconf 84' lang='lat' dir='ltr'><strong>one-fang,</strong></span> <span class='ocrx_word' id='word_1_347' title='bbox 1279 3068 1315 3107; x_wconf 92' lang='lat' dir='ltr'><strong>m.</strong></span> <span class='ocrx_word' id='word_1_348' title='bbox 1346 3050 1410 3110; x_wconf 78' lang='lat' dir='ltr'><strong>Rv.</strong></span> <span class='ocrx_word' id='word_1_349' title='bbox 1438 3051 1531 3128; x_wconf 87' lang='lat' dir='ltr'><strong>incep-</strong></span> 
     </span>
    </p>
   </div>
   <div class='ocr_carea' id='block_1_13' title="bbox 204 3126 832 3448">
    <p class='ocr_par' dir='ltr' id='par_1_14' title="bbox 204 3126 832 3448">
     <span class='ocr_line' id='line_1_68' title="bbox 204 3126 831 3215; baseline -0.002 -30"><span class='ocrx_word' id='word_1_350' title='bbox 204 3127 279 3196; x_wconf 82' lang='lat' dir='ltr'><strong>hela‚</strong></span> <span class='ocrx_word' id='word_1_351' title='bbox 308 3127 357 3203; x_wconf 89' lang='lat' dir='ltr'><strong>qni</strong></span> <span class='ocrx_word' id='word_1_352' title='bbox 387 3127 486 3185; x_wconf 88' lang='lat' dir='ltr'><strong>ultima</strong></span> <span class='ocrx_word' id='word_1_353' title='bbox 515 3126 675 3215; x_wconf 85' lang='lat' dir='ltr'><strong>experitur:</strong></span> <span class='ocrx_word' id='word_1_354' title='bbox 707 3126 732 3184; x_wconf 84' lang='lat' dir='ltr'><strong>’a</strong></span> <span class='ocrx_word' id='word_1_355' title='bbox 759 3127 831 3198; x_wconf 78' lang='lat' dir='ltr'><strong>bele,</strong></span> 
     </span>
     <span class='ocr_line' id='line_1_69' title="bbox 207 3203 831 3273; baseline 0.003 -12"><span class='ocrx_word' id='word_1_356' title='bbox 207 3204 291 3262; x_wconf 92' lang='lat' dir='ltr'><strong>bomo</strong></span> <span class='ocrx_word' id='word_1_357' title='bbox 322 3203 431 3273; x_wconf 83' lang='lat' dir='ltr'><strong>iatuna;</strong></span> <span class='ocrx_word' id='word_1_358' title='bbox 462 3203 505 3262; x_wconf 85' lang='lat' dir='ltr'><strong>rel</strong></span> <span class='ocrx_word' id='word_1_359' title='bbox 537 3209 621 3262; x_wconf 78' lang='lat' dir='ltr'><strong>artam</strong></span> <span class='ocrx_word' id='word_1_360' title='bbox 651 3203 772 3261; x_wconf 86' lang='lat' dir='ltr'><strong>hominia</strong></span> <span class='ocrx_word' id='word_1_361' title='bbox 798 3203 831 3263; x_wconf 86' lang='lat' dir='ltr'><strong>F.</strong></span> 
     </span>
     <span class='ocr_line' id='line_1_70' title="bbox 206 3280 831 3359; baseline -0.003 -19"><span class='ocrx_word' id='word_1_362' title='bbox 206 3300 248 3340; x_wconf 84' lang='lat' dir='ltr'><strong>om</strong></span> <span class='ocrx_word' id='word_1_363' title='bbox 273 3281 333 3338; x_wconf 78' lang='lat' dir='ltr'><strong>lala</strong></span> <span class='ocrx_word' id='word_1_364' title='bbox 351 3299 433 3358; x_wconf 78' lang='lat' dir='ltr'><strong>pean,</strong></span> <span class='ocrx_word' id='word_1_365' title='bbox 460 3280 566 3359; x_wconf 89' lang='lat' dir='ltr'><strong>perire;</strong></span> <span class='ocrx_word' id='word_1_366' title='bbox 591 3299 633 3338; x_wconf 84' lang='lat' dir='ltr'><strong>om</strong></span> <span class='ocrx_word' id='word_1_367' title='bbox 651 3281 710 3339; x_wconf 82' lang='lat' dir='ltr'><strong>hela</strong></span> <span class='ocrx_word' id='word_1_368' title='bbox 729 3281 831 3357; x_wconf 72' lang='lat' dir='ltr'><strong>bringa,</strong></span> 
     </span>
     <span class='ocr_line' id='line_1_71' title="bbox 207 3356 832 3448; baseline -0.003 -31"><span class='ocrx_word' id='word_1_369' title='bbox 207 3356 334 3417; x_wconf 89' lang='lat' dir='ltr'><strong>occidere</strong></span> <span class='ocrx_word' id='word_1_370' title='bbox 341 3385 349 3428; x_wconf 89' lang='lat'>;</span> <span class='ocrx_word' id='word_1_371' title='bbox 375 3376 406 3416; x_wconf 84' lang='lat' dir='ltr'><strong>er</strong></span> <span class='ocrx_word' id='word_1_372' title='bbox 425 3357 455 3416; x_wconf 85' lang='lat' dir='ltr'><strong>di</strong></span> <span class='ocrx_word' id='word_1_373' title='bbox 473 3358 532 3416; x_wconf 78' lang='lat' dir='ltr'><strong>hele</strong></span> <span class='ocrx_word' id='word_1_374' title='bbox 550 3377 601 3417; x_wconf 85' lang='lat' dir='ltr'><strong>oen</strong></span> <span class='ocrx_word' id='word_1_375' title='bbox 620 3376 675 3416; x_wconf 79' lang='lat' dir='ltr'><strong>ecee</strong></span> <span class='ocrx_word' id='word_1_376' title='bbox 699 3359 727 3448; x_wconf 59' lang='lat' dir='ltr'><strong>h,</strong></span> <span class='ocrx_word' id='word_1_377' title='bbox 748 3376 832 3415; x_wconf 82' lang='lat' dir='ltr'><strong>suum</strong></span> 
     </span>
    </p>
   </div>
   <div class='ocr_carea' id='block_1_14' title="bbox 905 3127 1531 3280">
    <p class='ocr_par' dir='ltr' id='par_1_15' title="bbox 905 3127 1531 3280">
     <span class='ocr_line' id='line_1_72' title="bbox 906 3127 1531 3204; baseline 0.003 -20"><span class='ocrx_word' id='word_1_378' title='bbox 906 3133 981 3195; x_wconf 92' lang='lat' dir='ltr'><strong>tum,</strong></span> <span class='ocrx_word' id='word_1_379' title='bbox 1003 3131 1131 3195; x_wconf 82' lang='lat' dir='ltr'><strong>conatus,</strong></span> <span class='ocrx_word' id='word_1_380' title='bbox 1152 3131 1252 3184; x_wconf 88' lang='lat' dir='ltr'><strong>nolana</strong></span> <span class='ocrx_word' id='word_1_381' title='bbox 1273 3127 1350 3203; x_wconf 85' lang='lat' dir='ltr'><strong>pravi</strong></span> <span class='ocrx_word' id='word_1_382' title='bbox 1372 3127 1450 3204; x_wconf 90' lang='lat' dir='ltr'><strong>quid.</strong></span> <span class='ocrx_word' id='word_1_383' title='bbox 1479 3129 1531 3186; x_wconf 79' lang='lat' dir='ltr'><strong>Ue·</strong></span> 
     </span>
     <span class='ocr_line' id='line_1_73' title="bbox 905 3201 1530 3280; baseline 0.003 -19"><span class='ocrx_word' id='word_1_384' title='bbox 905 3203 1013 3261; x_wconf 71' lang='lat' dir='ltr'><strong>eiecere</strong></span> <span class='ocrx_word' id='word_1_385' title='bbox 1038 3201 1145 3280; x_wconf 73' lang='lat' dir='ltr'><strong>deseep,</strong></span> <span class='ocrx_word' id='word_1_386' title='bbox 1173 3203 1236 3261; x_wconf 91' lang='lat' dir='ltr'><strong>inoe</strong></span> <span class='ocrx_word' id='word_1_387' title='bbox 1258 3210 1332 3274; x_wconf 88' lang='lat' dir='ltr'><strong>tum,</strong></span> <span class='ocrx_word' id='word_1_388' title='bbox 1359 3204 1467 3262; x_wconf 79' lang='lat' dir='ltr'><strong>lacinus</strong></span> <span class='ocrx_word' id='word_1_389' title='bbox 1489 3205 1530 3263; x_wconf 89' lang='lat' dir='ltr'><strong>in·</strong></span> 
     </span>
    </p>
   </div>
   <div class='ocr_carea' id='block_1_15' title="bbox 903 3279 1531 3435">
    <p class='ocr_par' dir='ltr' id='par_1_16' title="bbox 903 3279 1531 3435">
     <span class='ocr_line' id='line_1_74' title="bbox 903 3279 1531 3358; baseline 0.003 -20"><span class='ocrx_word' id='word_1_390' title='bbox 903 3279 1050 3356; x_wconf 85' lang='lat' dir='ltr'><strong>jurioaum.</strong></span> <span class='ocrx_word' id='word_1_391' title='bbox 1094 3281 1159 3354; x_wconf 83' lang='lat' dir='ltr'><strong>Aga.</strong></span> <span class='ocrx_word' id='word_1_392' title='bbox 1186 3300 1203 3337; x_wconf 95' lang='lat' dir='ltr'><strong>e</strong></span> <span class='ocrx_word' id='word_1_393' title='bbox 1233 3284 1319 3356; x_wconf 78' lang='lat' dir='ltr'><strong>fenp,</strong></span> <span class='ocrx_word' id='word_1_394' title='bbox 1354 3284 1461 3358; x_wconf 66' lang='lat' dir='ltr'><strong>anseg,</strong></span> <span class='ocrx_word' id='word_1_395' title='bbox 1488 3281 1531 3340; x_wconf 91' lang='lat' dir='ltr'><strong>in·</strong></span> 
     </span>
     <span class='ocr_line' id='line_1_75' title="bbox 907 3356 1531 3435; baseline 0.002 -19"><span class='ocrx_word' id='word_1_396' title='bbox 907 3363 1036 3434; x_wconf 89' lang='lat' dir='ltr'><strong>ceptum;</strong></span> <span class='ocrx_word' id='word_1_397' title='bbox 1066 3356 1163 3433; x_wconf 85' lang='lat' dir='ltr'><strong>ead-se</strong></span> <span class='ocrx_word' id='word_1_398' title='bbox 1196 3378 1228 3427; x_wconf 88' lang='lat' dir='ltr'><strong>e,</strong></span> <span class='ocrx_word' id='word_1_399' title='bbox 1258 3364 1419 3435; x_wconf 83' lang='lat' dir='ltr'><strong>susceptor,</strong></span> <span class='ocrx_word' id='word_1_400' title='bbox 1453 3358 1531 3417; x_wconf 82' lang='lat' dir='ltr'><strong>Som-</strong></span> 
     </span>
    </p>
   </div>
   <div class='ocr_carea' id='block_1_16' title="bbox 206 3433 1531 3512">
    <p class='ocr_par' dir='ltr' id='par_1_17' title="bbox 206 3433 1531 3512">
     <span class='ocr_line' id='line_1_76' title="bbox 206 3433 1531 3512; baseline 0 -18"><span class='ocrx_word' id='word_1_401' title='bbox 206 3440 293 3512; x_wconf 83' lang='lat' dir='ltr'><strong>capnt</strong></span> <span class='ocrx_word' id='word_1_402' title='bbox 312 3435 420 3494; x_wconf 81' lang='lat' dir='ltr'><strong>offerre.</strong></span> <span class='ocrx_word' id='word_1_403' title='bbox 457 3434 529 3494; x_wconf 86' lang='lat' dir='ltr'><strong>Vide</strong></span> <span class='ocrx_word' id='word_1_404' title='bbox 549 3435 603 3494; x_wconf 89' lang='lat' dir='ltr'><strong>alia</strong></span> <span class='ocrx_word' id='word_1_405' title='bbox 623 3436 652 3494; x_wconf 94' lang='lat' dir='ltr'><strong>in</strong></span> <span class='ocrx_word' id='word_1_406' title='bbox 700 3434 833 3493; x_wconf 83' lang='lat' dir='ltr'><strong>rcbtbovii</strong></span> <span class='ocrx_word' id='word_1_407' title='bbox 906 3453 1005 3502; x_wconf 80' lang='lat' dir='ltr'><strong>neruo,</strong></span> <span class='ocrx_word' id='word_1_408' title='bbox 1032 3433 1162 3511; x_wconf 74' lang='lat' dir='ltr'><strong>hyadae</strong></span> <span class='ocrx_word' id='word_1_409' title='bbox 1199 3436 1394 3511; x_wconf 77' lang='lat' dir='ltr'><strong>,posteriores</strong></span> <span class='ocrx_word' id='word_1_410' title='bbox 1414 3439 1531 3511; x_wconf 66' lang='lat' dir='ltr'><strong>ansere.</strong></span> 
     </span>
    </p>
   </div>
   <div class='ocr_carea' id='block_1_17' title="bbox 168 3512 835 4807">
    <p class='ocr_par' dir='ltr' id='par_1_18' title="bbox 168 3512 835 4066">
     <span class='ocr_line' id='line_1_77' title="bbox 168 3512 833 3679; baseline -0.002 -31"><span class='ocrx_word' id='word_1_411' title='bbox 168 3513 405 3666; x_wconf 49' lang='lat' dir='ltr'><strong>haeridbmltbbllg:</strong></span> <span class='ocrx_word' id='word_1_412' title='bbox 425 3512 721 3679; x_wconf 36' lang='lat' dir='ltr'><strong>LIlli3llla&#39;prplrlellenaio</strong></span> <span class='ocrx_word' id='word_1_413' title='bbox 754 3588 833 3647; x_wconf 79' lang='lat' dir='ltr'><strong>rebe·</strong></span> 
     </span>
     <span class='ocr_line' id='line_1_78' title="bbox 207 3665 833 3745; baseline 0 -20"><span class='ocrx_word' id='word_1_414' title='bbox 207 3686 299 3736; x_wconf 81' lang='lat' dir='ltr'><strong>mene,</strong></span> <span class='ocrx_word' id='word_1_415' title='bbox 330 3684 386 3743; x_wconf 89' lang='lat' dir='ltr'><strong>qua</strong></span> <span class='ocrx_word' id='word_1_416' title='bbox 411 3667 476 3744; x_wconf 84' lang='lat' dir='ltr'><strong>qnia</strong></span> <span class='ocrx_word' id='word_1_417' title='bbox 502 3670 651 3745; x_wconf 77' lang='lat' dir='ltr'><strong>impugnat</strong></span> <span class='ocrx_word' id='word_1_418' title='bbox 676 3666 772 3725; x_wconf 89' lang='lat' dir='ltr'><strong>alium.</strong></span> <span class='ocrx_word' id='word_1_419' title='bbox 802 3665 833 3725; x_wconf 67' lang='lat'><strong>1⁴¹.</strong></span> 
     </span>
     <span class='ocr_line' id='line_1_79' title="bbox 206 3742 835 3813; baseline -0.003 -11"><span class='ocrx_word' id='word_1_420' title='bbox 206 3742 285 3802; x_wconf 71' lang='lat' dir='ltr'><strong>iirde</strong></span> <span class='ocrx_word' id='word_1_421' title='bbox 315 3743 402 3813; x_wconf 78' lang='lat' dir='ltr'><strong>eieci,</strong></span> <span class='ocrx_word' id='word_1_422' title='bbox 434 3743 562 3803; x_wconf 85' lang='lat' dir='ltr'><strong>libratior</strong></span> <span class='ocrx_word' id='word_1_423' title='bbox 595 3743 683 3813; x_wconf 81' lang='lat' dir='ltr'><strong>ictua3</strong></span> <span class='ocrx_word' id='word_1_424' title='bbox 716 3743 742 3800; x_wconf 81' lang='lat' dir='ltr'><strong>&#39;e</strong></span> <span class='ocrx_word' id='word_1_425' title='bbox 770 3743 835 3801; x_wconf 73' lang='lat' dir='ltr'><strong>hira</strong></span> 
     </span>
     <span class='ocr_line' id='line_1_80' title="bbox 206 3819 832 3898; baseline -0.003 -19"><span class='ocrx_word' id='word_1_426' title='bbox 206 3819 289 3890; x_wconf 72' lang='lat' dir='ltr'><strong>vird,</strong></span> <span class='ocrx_word' id='word_1_427' title='bbox 310 3838 404 3879; x_wconf 76' lang='lat' dir='ltr'><strong>severa</strong></span> <span class='ocrx_word' id='word_1_428' title='bbox 421 3819 590 3898; x_wconf 81' lang='lat' dir='ltr'><strong>increpati03</strong></span> <span class='ocrx_word' id='word_1_429' title='bbox 611 3819 638 3876; x_wconf 86' lang='lat' dir='ltr'><strong>&#39;e</strong></span> <span class='ocrx_word' id='word_1_430' title='bbox 650 3820 832 3889; x_wconf 67' lang='lat' dir='ltr'><strong>hereminae,</strong></span> 
     </span>
     <span class='ocr_line' id='line_1_81' title="bbox 207 3896 833 3969; baseline -0.002 -13"><span class='ocrx_word' id='word_1_431' title='bbox 207 3897 310 3956; x_wconf 90' lang='lat' dir='ltr'><strong>mnlier</strong></span> <span class='ocrx_word' id='word_1_432' title='bbox 336 3896 420 3969; x_wconf 90' lang='lat' dir='ltr'><strong>dura,</strong></span> <span class='ocrx_word' id='word_1_433' title='bbox 446 3897 653 3956; x_wconf 79' lang='lat' dir='ltr'><strong>immisericors.</strong></span> <span class='ocrx_word' id='word_1_434' title='bbox 683 3897 786 3955; x_wconf 82' lang='lat' dir='ltr'><strong>Oontm</strong></span> <span class='ocrx_word' id='word_1_435' title='bbox 807 3896 833 3955; x_wconf 83' lang='lat' dir='ltr'><strong>‘n</strong></span> 
     </span>
     <span class='ocr_line' id='line_1_82' title="bbox 207 3972 832 4066; baseline -0.002 -33"><span class='ocrx_word' id='word_1_436' title='bbox 207 3973 364 4065; x_wconf 66' lang='lat' dir='ltr'><strong>meaedipe</strong></span> <span class='ocrx_word' id='word_1_437' title='bbox 386 3974 475 4066; x_wconf 63' lang='lat' dir='ltr'><strong>decla,</strong></span> <span class='ocrx_word' id='word_1_438' title='bbox 502 3972 602 4032; x_wconf 83' lang='lat' dir='ltr'><strong>verber</strong></span> <span class='ocrx_word' id='word_1_439' title='bbox 620 3974 832 4044; x_wconf 74' lang='lat' dir='ltr'><strong>immisericors,</strong></span> 
     </span>
    </p>

    <p class='ocr_par' dir='ltr' id='par_1_19' title="bbox 169 4053 834 4807">
     <span class='ocr_line' id='line_1_83' title="bbox 169 4053 832 4218; baseline -0.002 -31"><span class='ocrx_word' id='word_1_440' title='bbox 169 4053 494 4206; x_wconf 44' lang='lat' dir='ltr'><strong>helbteallbllsdllnlilb.</strong></span> <span class='ocrx_word' id='word_1_441' title='bbox 508 4069 622 4206; x_wconf 45' lang='lat' dir='ltr'><strong>&#39;balbi&#39;</strong></span> <span class='ocrx_word' id='word_1_442' title='bbox 633 4128 722 4218; x_wconf 78' lang='lat' dir='ltr'><strong>codex</strong></span> <span class='ocrx_word' id='word_1_443' title='bbox 752 4127 832 4186; x_wconf 87' lang='lat' dir='ltr'><strong>Han·</strong></span> 
     </span>
     <span class='ocr_line' id='line_1_84' title="bbox 207 4205 832 4284; baseline -0.006 -18"><span class='ocrx_word' id='word_1_444' title='bbox 207 4208 290 4284; x_wconf 83' lang='lat' dir='ltr'><strong>eingo</strong></span> <span class='ocrx_word' id='word_1_445' title='bbox 324 4206 408 4265; x_wconf 83' lang='lat' dir='ltr'><strong>vertit</strong></span> <span class='ocrx_word' id='word_1_446' title='bbox 438 4210 533 4282; x_wconf 77' lang='lat' dir='ltr'><strong>raptae</strong></span> <span class='ocrx_word' id='word_1_447' title='bbox 559 4206 716 4282; x_wconf 76' lang='lat' dir='ltr'><strong>praecordia.</strong></span> <span class='ocrx_word' id='word_1_448' title='bbox 749 4205 832 4263; x_wconf 81' lang='lat' dir='ltr'><strong>Leria</strong></span> 
     </span>
     <span class='ocr_line' id='line_1_85' title="bbox 206 4283 833 4362; baseline -0.005 -19"><span class='ocrx_word' id='word_1_449' title='bbox 206 4303 291 4362; x_wconf 86' lang='lat' dir='ltr'><strong>poena</strong></span> <span class='ocrx_word' id='word_1_450' title='bbox 318 4329 335 4356; x_wconf 88' lang='lat'>„</span> <span class='ocrx_word' id='word_1_451' title='bbox 348 4285 420 4342; x_wconf 84' lang='lat' dir='ltr'><strong>XVI</strong></span> <span class='ocrx_word' id='word_1_452' title='bbox 434 4283 541 4343; x_wconf 68' lang='lat' dir='ltr'><strong>dmerii</strong></span> <span class='ocrx_word' id='word_1_453' title='bbox 558 4289 585 4342; x_wconf 78' lang='lat' dir='ltr'><strong>et</strong></span> <span class='ocrx_word' id='word_1_454' title='bbox 604 4303 683 4343; x_wconf 81' lang='lat' dir='ltr'><strong>unum</strong></span> <span class='ocrx_word' id='word_1_455' title='bbox 697 4284 833 4358; x_wconf 80' lang='lat' dir='ltr'><strong>jeramee-</strong></span> 
     </span>
     <span class='ocr_line' id='line_1_86' title="bbox 207 4360 832 4440; baseline -0.005 -19"><span class='ocrx_word' id='word_1_456' title='bbox 207 4360 277 4422; x_wconf 60' lang='lat' dir='ltr'><strong>aad</strong></span> <span class='ocrx_word' id='word_1_457' title='bbox 297 4361 370 4420; x_wconf 91' lang='lat' dir='ltr'><strong>hano</strong></span> <span class='ocrx_word' id='word_1_458' title='bbox 383 4361 538 4420; x_wconf 77' lang='lat' dir='ltr'><strong>versionem</strong></span> <span class='ocrx_word' id='word_1_459' title='bbox 552 4360 700 4440; x_wconf 89' lang='lat' dir='ltr'><strong>improbat.</strong></span> <span class='ocrx_word' id='word_1_460' title='bbox 731 4362 832 4419; x_wconf 77' lang='lat' dir='ltr'><strong>Herie-</strong></span> 
     </span>
     <span class='ocr_line' id='line_1_87' title="bbox 196 4437 833 4520; baseline -0.003 -23"><span class='ocrx_word' id='word_1_461' title='bbox 196 4440 273 4520; x_wconf 75' lang='lat' dir='ltr'><strong>seep</strong></span> <span class='ocrx_word' id='word_1_462' title='bbox 297 4438 397 4497; x_wconf 76' lang='lat' dir='ltr'><strong>Frisiis</strong></span> <span class='ocrx_word' id='word_1_463' title='bbox 424 4443 466 4497; x_wconf 83' lang='lat' dir='ltr'><strong>est</strong></span> <span class='ocrx_word' id='word_1_464' title='bbox 491 4437 655 4515; x_wconf 89' lang='lat' dir='ltr'><strong>cardialgia,</strong></span> <span class='ocrx_word' id='word_1_465' title='bbox 686 4437 759 4496; x_wconf 87' lang='lat' dir='ltr'><strong>rcaio</strong></span> <span class='ocrx_word' id='word_1_466' title='bbox 779 4443 833 4495; x_wconf 84' lang='lat' dir='ltr'><strong>eto·</strong></span> 
     </span>
     <span class='ocr_line' id='line_1_88' title="bbox 207 4513 833 4593; baseline -0.013 -15"><span class='ocrx_word' id='word_1_467' title='bbox 207 4515 315 4588; x_wconf 79' lang='lat' dir='ltr'><strong>machi,</strong></span> <span class='ocrx_word' id='word_1_468' title='bbox 346 4520 375 4574; x_wconf 86' lang='lat' dir='ltr'><strong>et</strong></span> <span class='ocrx_word' id='word_1_469' title='bbox 403 4515 559 4593; x_wconf 78' lang='lat' dir='ltr'><strong>significare</strong></span> <span class='ocrx_word' id='word_1_470' title='bbox 589 4514 698 4574; x_wconf 82' lang='lat' dir='ltr'><strong>videtur</strong></span> <span class='ocrx_word' id='word_1_471' title='bbox 725 4513 833 4583; x_wconf 83' lang='lat' dir='ltr'><strong>verber,</strong></span> 
     </span>
     <span class='ocr_line' id='line_1_89' title="bbox 209 4591 834 4671; baseline -0.005 -20"><span class='ocrx_word' id='word_1_472' title='bbox 209 4592 286 4669; x_wconf 89' lang='lat' dir='ltr'><strong>qued</strong></span> <span class='ocrx_word' id='word_1_473' title='bbox 307 4611 354 4652; x_wconf 88' lang='lat' dir='ltr'><strong>eor</strong></span> <span class='ocrx_word' id='word_1_474' title='bbox 374 4592 418 4652; x_wconf 86' lang='lat' dir='ltr'><strong>vel</strong></span> <span class='ocrx_word' id='word_1_475' title='bbox 439 4591 592 4671; x_wconf 80' lang='lat' dir='ltr'><strong>praecordia</strong></span> <span class='ocrx_word' id='word_1_476' title='bbox 605 4592 693 4662; x_wconf 74' lang='lat' dir='ltr'><strong>ledit,</strong></span> <span class='ocrx_word' id='word_1_477' title='bbox 712 4591 762 4650; x_wconf 83' lang='lat' dir='ltr'><strong>aed</strong></span> <span class='ocrx_word' id='word_1_478' title='bbox 776 4608 834 4648; x_wconf 88' lang='lat' dir='ltr'><strong>non</strong></span> 
     </span>
     <span class='ocr_line' id='line_1_90' title="bbox 208 4668 834 4804; baseline 0.002 -78"><span class='ocrx_word' id='word_1_479' title='bbox 208 4669 295 4804; x_wconf 52' lang='lat' dir='ltr'><strong>rapiti</strong></span> <span class='ocrx_word' id='word_1_480' title='bbox 325 4669 405 4748; x_wconf 89' lang='lat' dir='ltr'><strong>quod</strong></span> <span class='ocrx_word' id='word_1_481' title='bbox 433 4669 588 4730; x_wconf 76' lang='lat' dir='ltr'><strong>absurdum</strong></span> <span class='ocrx_word' id='word_1_482' title='bbox 608 4676 659 4729; x_wconf 85' lang='lat' dir='ltr'><strong>eat.</strong></span> <span class='ocrx_word' id='word_1_483' title='bbox 689 4668 746 4730; x_wconf 89' lang='lat' dir='ltr'><strong>Kil.</strong></span> <span class='ocrx_word' id='word_1_484' title='bbox 764 4669 834 4728; x_wconf 78' lang='lat' dir='ltr'><strong>teri·</strong></span> 
     </span>
     <span class='ocr_line' id='line_1_91' title="bbox 210 4764 302 4807; baseline 0 -1"><span class='ocrx_word' id='word_1_485' title='bbox 210 4764 302 4807; x_wconf 76' lang='lat' dir='ltr'><strong>eone.</strong></span> 
     </span>
    </p>
   </div>
   <div class='ocr_carea' id='block_1_18' title="bbox 868 3510 1531 3581">
    <p class='ocr_par' dir='ltr' id='par_1_20' title="bbox 868 3510 1531 3581">
     <span class='ocr_line' id='line_1_92' title="bbox 868 3510 1531 3581; baseline 0 -11"><span class='ocrx_word' id='word_1_486' title='bbox 868 3510 1064 3581; x_wconf 64' lang='grc' dir='ltr'><strong>ῈΑΝΤᾸΟΜ,</strong></span> <span class='ocrx_word' id='word_1_487' title='bbox 1088 3510 1157 3569; x_wconf 87' lang='lat' dir='ltr'><strong>dena</strong></span> <span class='ocrx_word' id='word_1_488' title='bbox 1171 3518 1322 3569; x_wconf 84' lang='lat' dir='ltr'><strong>montanae</strong></span> <span class='ocrx_word' id='word_1_489' title='bbox 1335 3513 1394 3569; x_wconf 85' lang='lat' dir='ltr'><strong>aive</strong></span> <span class='ocrx_word' id='word_1_490' title='bbox 1409 3513 1531 3570; x_wconf 83' lang='lat' dir='ltr'><strong>collinus</strong></span> 
     </span>
    </p>
   </div>
   <div class='ocr_carea' id='block_1_19' title="bbox 906 3587 1574 4819">
    <p class='ocr_par' dir='ltr' id='par_1_21' title="bbox 906 3587 1574 4819">
     <span class='ocr_line' id='line_1_93' title="bbox 906 3587 1532 3664; baseline -0.002 -17"><span class='ocrx_word' id='word_1_491' title='bbox 906 3589 935 3647; x_wconf 91' lang='lat' dir='ltr'><strong>in</strong></span> <span class='ocrx_word' id='word_1_492' title='bbox 956 3588 1047 3647; x_wconf 85' lang='lat' dir='ltr'><strong>arenis</strong></span> <span class='ocrx_word' id='word_1_493' title='bbox 1067 3587 1169 3646; x_wconf 82' lang='lat' dir='ltr'><strong>inaulae</strong></span> <span class='ocrx_word' id='word_1_494' title='bbox 1186 3588 1284 3646; x_wconf 82' lang='lat' dir='ltr'><strong>Friaiae</strong></span> <span class='ocrx_word' id='word_1_495' title='bbox 1297 3589 1437 3664; x_wconf 85' lang='lat' dir='ltr'><strong>Scilingae</strong></span> <span class='ocrx_word' id='word_1_496' title='bbox 1452 3587 1532 3663; x_wconf 66' lang='lat' dir='ltr'><strong>(Ter-</strong></span> 
     </span>
     <span class='ocr_line' id='line_1_94' title="bbox 906 3664 1531 3798; baseline -0.002 -75"><span class='ocrx_word' id='word_1_497' title='bbox 906 3664 1053 3740; x_wconf 88' lang='lat' dir='ltr'><strong>acbelling)</strong></span> <span class='ocrx_word' id='word_1_498' title='bbox 1082 3664 1179 3722; x_wconf 81' lang='lat' dir='ltr'><strong>Friaioe</strong></span> <span class='ocrx_word' id='word_1_499' title='bbox 1208 3664 1360 3742; x_wconf 81' lang='lat' dir='ltr'><strong>oppositae,</strong></span> <span class='ocrx_word' id='word_1_500' title='bbox 1390 3683 1448 3798; x_wconf 58' lang='lat' dir='ltr'><strong>(Lao</strong></span> <span class='ocrx_word' id='word_1_501' title='bbox 1475 3684 1531 3723; x_wconf 90' lang='lat' dir='ltr'><strong>ma·</strong></span> 
     </span>
     <span class='ocr_line' id='line_1_95' title="bbox 907 3741 1574 3818; baseline 0.001 -18"><span class='ocrx_word' id='word_1_502' title='bbox 907 3749 963 3800; x_wconf 79' lang='lat' dir='ltr'><strong>tres</strong></span> <span class='ocrx_word' id='word_1_503' title='bbox 983 3747 1117 3800; x_wconf 86' lang='lat' dir='ltr'><strong>terrorem</strong></span> <span class='ocrx_word' id='word_1_504' title='bbox 1138 3741 1280 3800; x_wconf 79' lang='lat' dir='ltr'><strong>incutiunt</strong></span> <span class='ocrx_word' id='word_1_505' title='bbox 1299 3741 1396 3801; x_wconf 80' lang='lat' dir='ltr'><strong>infanti</strong></span> <span class='ocrx_word' id='word_1_506' title='bbox 1420 3761 1451 3800; x_wconf 87' lang='lat' dir='ltr'><strong>ue</strong></span> <span class='ocrx_word' id='word_1_507' title='bbox 1468 3760 1532 3818; x_wconf 92' lang='lat' dir='ltr'><strong>pro·</strong></span> <span class='ocrx_word' id='word_1_508' title='bbox 1571 3783 1574 3789; x_wconf 84' lang='lat'><em>·</em></span> 
     </span>
     <span class='ocr_line' id='line_1_96' title="bbox 907 3818 1531 3897; baseline 0.002 -22"><span class='ocrx_word' id='word_1_509' title='bbox 907 3818 999 3876; x_wconf 79' lang='lat' dir='ltr'><strong>terrie.</strong></span> <span class='ocrx_word' id='word_1_510' title='bbox 1029 3818 1059 3875; x_wconf 89' lang='lat' dir='ltr'><strong>Si</strong></span> <span class='ocrx_word' id='word_1_511' title='bbox 1079 3819 1146 3876; x_wconf 91' lang='lat' dir='ltr'><strong>bora</strong></span> <span class='ocrx_word' id='word_1_512' title='bbox 1166 3818 1322 3897; x_wconf 74' lang='lat' dir='ltr'><strong>vespertina</strong></span> <span class='ocrx_word' id='word_1_513' title='bbox 1339 3818 1428 3877; x_wconf 76' lang='lat' dir='ltr'><strong>aerius</strong></span> <span class='ocrx_word' id='word_1_514' title='bbox 1447 3837 1531 3896; x_wconf 89' lang='lat' dir='ltr'><strong>quam</strong></span> 
     </span>
     <span class='ocr_line' id='line_1_97' title="bbox 907 3894 1532 3972; baseline -0.002 -18"><span class='ocrx_word' id='word_1_515' title='bbox 907 3901 998 3954; x_wconf 86' lang='lat' dir='ltr'><strong>tutum</strong></span> <span class='ocrx_word' id='word_1_516' title='bbox 1028 3901 1070 3954; x_wconf 87' lang='lat' dir='ltr'><strong>cet</strong></span> <span class='ocrx_word' id='word_1_517' title='bbox 1096 3894 1191 3971; x_wconf 83' lang='lat' dir='ltr'><strong>grellia</strong></span> <span class='ocrx_word' id='word_1_518' title='bbox 1218 3895 1382 3972; x_wconf 82' lang='lat' dir='ltr'><strong>glacialibus</strong></span> <span class='ocrx_word' id='word_1_519' title='bbox 1402 3900 1532 3967; x_wconf 89' lang='lat' dir='ltr'><strong>currunt,</strong></span> 
     </span>
     <span class='ocr_line' id='line_1_98' title="bbox 908 3971 1532 4050; baseline 0.002 -20"><span class='ocrx_word' id='word_1_520' title='bbox 908 3971 1029 4031; x_wconf 88' lang='lat' dir='ltr'><strong>minatur</strong></span> <span class='ocrx_word' id='word_1_521' title='bbox 1055 3972 1096 4030; x_wconf 87' lang='lat' dir='ltr'><strong>eia</strong></span> <span class='ocrx_word' id='word_1_522' title='bbox 1122 3978 1211 4030; x_wconf 90' lang='lat' dir='ltr'><strong>mater</strong></span> <span class='ocrx_word' id='word_1_523' title='bbox 1237 3972 1414 4047; x_wconf 81' lang='lat' dir='ltr'><strong>Fantjcmum</strong></span> <span class='ocrx_word' id='word_1_524' title='bbox 1441 3978 1532 4050; x_wconf 88' lang='lat' dir='ltr'><strong>rapto·</strong></span> 
     </span>
     <span class='ocr_line' id='line_1_99' title="bbox 907 4048 1534 4125; baseline -0.002 -17"><span class='ocrx_word' id='word_1_525' title='bbox 907 4068 974 4108; x_wconf 90' lang='lat' dir='ltr'><strong>rem.</strong></span> <span class='ocrx_word' id='word_1_526' title='bbox 1004 4048 1166 4125; x_wconf 80' lang='lat' dir='ltr'><strong>Composita</strong></span> <span class='ocrx_word' id='word_1_527' title='bbox 1187 4048 1298 4108; x_wconf 86' lang='lat' dir='ltr'><strong>videtur</strong></span> <span class='ocrx_word' id='word_1_528' title='bbox 1317 4069 1372 4108; x_wconf 82' lang='lat' dir='ltr'><strong>vox</strong></span> <span class='ocrx_word' id='word_1_529' title='bbox 1389 4069 1423 4109; x_wconf 84' lang='lat' dir='ltr'><strong>ex</strong></span> <span class='ocrx_word' id='word_1_530' title='bbox 1438 4051 1534 4125; x_wconf 51' lang='lat' dir='ltr'><strong>Foede</strong></span> 
     </span>
     <span class='ocr_line' id='line_1_100' title="bbox 908 4126 1533 4204; baseline 0.003 -20"><span class='ocrx_word' id='word_1_531' title='bbox 908 4131 937 4185; x_wconf 90' lang='lat' dir='ltr'><strong>et</strong></span> <span class='ocrx_word' id='word_1_532' title='bbox 961 4145 1011 4186; x_wconf 83' lang='lat' dir='ltr'><strong>om.</strong></span> <span class='ocrx_word' id='word_1_533' title='bbox 1041 4127 1146 4196; x_wconf 78' lang='lat' dir='ltr'><strong>Ferae,</strong></span> <span class='ocrx_word' id='word_1_534' title='bbox 1174 4127 1275 4197; x_wconf 75' lang='lat' dir='ltr'><strong>Penne,</strong></span> <span class='ocrx_word' id='word_1_535' title='bbox 1302 4145 1329 4184; x_wconf 92' lang='lat' dir='ltr'><strong>n.</strong></span> <span class='ocrx_word' id='word_1_536' title='bbox 1350 4146 1378 4204; x_wconf 95' lang='lat' dir='ltr'><strong>p.</strong></span> <span class='ocrx_word' id='word_1_537' title='bbox 1398 4146 1422 4184; x_wconf 84' lang='lat' dir='ltr'><strong>v.</strong></span> <span class='ocrx_word' id='word_1_538' title='bbox 1444 4126 1533 4186; x_wconf 81' lang='lat' dir='ltr'><strong>Waee.</strong></span> 
     </span>
     <span class='ocr_line' id='line_1_101' title="bbox 910 4203 1533 4274; baseline 0 -12"><span class='ocrx_word' id='word_1_539' title='bbox 910 4204 949 4262; x_wconf 94' lang='lat' dir='ltr'><strong>ll.</strong></span> <span class='ocrx_word' id='word_1_540' title='bbox 977 4204 1040 4264; x_wconf 83' lang='lat' dir='ltr'><strong>lib.</strong></span> <span class='ocrx_word' id='word_1_541' title='bbox 1076 4203 1249 4261; x_wconf 86' lang='lat' dir='ltr'><strong>Diminutive</strong></span> <span class='ocrx_word' id='word_1_542' title='bbox 1277 4204 1380 4274; x_wconf 75' lang='lat' dir='ltr'><strong>Fonte,</strong></span> <span class='ocrx_word' id='word_1_543' title='bbox 1411 4205 1533 4274; x_wconf 68' lang='lat' dir='ltr'><strong>Perire,</strong></span> 
     </span>
     <span class='ocr_line' id='line_1_102' title="bbox 907 4280 1534 4357; baseline -0.002 -18"><span class='ocrx_word' id='word_1_544' title='bbox 907 4282 1010 4354; x_wconf 74' lang='lat' dir='ltr'><strong>Feniy&#39;e.</strong></span> <span class='ocrx_word' id='word_1_545' title='bbox 1042 4280 1089 4338; x_wconf 87' lang='lat' dir='ltr'><strong>Iel.</strong></span> <span class='ocrx_word' id='word_1_546' title='bbox 1111 4281 1192 4354; x_wconf 85' lang='lat' dir='ltr'><strong>feni,</strong></span> <span class='ocrx_word' id='word_1_547' title='bbox 1223 4280 1316 4338; x_wconf 86' lang='lat' dir='ltr'><strong>iatuua</strong></span> <span class='ocrx_word' id='word_1_548' title='bbox 1347 4281 1461 4351; x_wconf 84' lang='lat' dir='ltr'><strong>launue;</strong></span> <span class='ocrx_word' id='word_1_549' title='bbox 1483 4283 1534 4357; x_wconf 87' lang='lat' dir='ltr'><strong>se·</strong></span> 
     </span>
     <span class='ocr_line' id='line_1_103' title="bbox 906 4356 1403 4434; baseline 0.002 -18"><span class='ocrx_word' id='word_1_550' title='bbox 906 4358 1013 4434; x_wconf 69' lang='lat' dir='ltr'><strong>relege,</strong></span> <span class='ocrx_word' id='word_1_551' title='bbox 1035 4358 1144 4425; x_wconf 78' lang='lat' dir='ltr'><strong>fatuae,</strong></span> <span class='ocrx_word' id='word_1_552' title='bbox 1165 4356 1297 4416; x_wconf 74' lang='lat' dir='ltr'><strong>insolens.</strong></span> <span class='ocrx_word' id='word_1_553' title='bbox 1318 4357 1403 4417; x_wconf 89' lang='lat' dir='ltr'><strong>Hald.</strong></span> 
     </span>
     <span class='ocr_line' id='line_1_104' title="bbox 945 4433 1534 4510; baseline 0.002 -18"><span class='ocrx_word' id='word_1_554' title='bbox 945 4434 1071 4493; x_wconf 79' lang='lat' dir='ltr'><strong>Insulaai</strong></span> <span class='ocrx_word' id='word_1_555' title='bbox 1086 4433 1251 4510; x_wconf 84' lang='lat' dir='ltr'><strong>Sciligenaes</strong></span> <span class='ocrx_word' id='word_1_556' title='bbox 1269 4439 1376 4494; x_wconf 81' lang='lat' dir='ltr'><strong>veteres</strong></span> <span class='ocrx_word' id='word_1_557' title='bbox 1390 4434 1465 4493; x_wconf 91' lang='lat' dir='ltr'><strong>bunc</strong></span> <span class='ocrx_word' id='word_1_558' title='bbox 1478 4433 1534 4493; x_wconf 76' lang='lat' dir='ltr'><strong>da·</strong></span> 
     </span>
     <span class='ocr_line' id='line_1_105' title="bbox 907 4511 1534 4590; baseline 0.003 -21"><span class='ocrx_word' id='word_1_559' title='bbox 907 4529 1018 4570; x_wconf 90' lang='lat' dir='ltr'><strong>monem</strong></span> <span class='ocrx_word' id='word_1_560' title='bbox 1040 4511 1093 4570; x_wconf 84' lang='lat' dir='ltr'><strong>sibi</strong></span> <span class='ocrx_word' id='word_1_561' title='bbox 1115 4511 1269 4590; x_wconf 91' lang='lat' dir='ltr'><strong>propitium</strong></span> <span class='ocrx_word' id='word_1_562' title='bbox 1291 4516 1319 4569; x_wconf 85' lang='lat' dir='ltr'><strong>et</strong></span> <span class='ocrx_word' id='word_1_563' title='bbox 1339 4512 1419 4590; x_wconf 82' lang='lat' dir='ltr'><strong>quasi</strong></span> <span class='ocrx_word' id='word_1_564' title='bbox 1436 4512 1534 4572; x_wconf 87' lang='lat' dir='ltr'><strong>tutela·</strong></span> 
     </span>
     <span class='ocr_line' id='line_1_106' title="bbox 907 4588 1534 4650; baseline 0 -4"><span class='ocrx_word' id='word_1_565' title='bbox 907 4608 966 4647; x_wconf 81' lang='lat' dir='ltr'><strong>rem</strong></span> <span class='ocrx_word' id='word_1_566' title='bbox 995 4588 1141 4648; x_wconf 88' lang='lat' dir='ltr'><strong>habebant.</strong></span> <span class='ocrx_word' id='word_1_567' title='bbox 1174 4588 1288 4647; x_wconf 77' lang='lat' dir='ltr'><strong>Vicinus</strong></span> <span class='ocrx_word' id='word_1_568' title='bbox 1309 4589 1398 4650; x_wconf 91' lang='lat' dir='ltr'><strong>littori</strong></span> <span class='ocrx_word' id='word_1_569' title='bbox 1418 4589 1534 4649; x_wconf 75' lang='lat' dir='ltr'><strong>australi</strong></span> 
     </span>
     <span class='ocr_line' id='line_1_107' title="bbox 907 4665 1535 4743; baseline -0.005 -19"><span class='ocrx_word' id='word_1_570' title='bbox 907 4671 950 4724; x_wconf 86' lang='lat' dir='ltr'><strong>eat</strong></span> <span class='ocrx_word' id='word_1_571' title='bbox 976 4684 1078 4743; x_wconf 79' lang='lat' dir='ltr'><strong>parvus</strong></span> <span class='ocrx_word' id='word_1_572' title='bbox 1099 4666 1176 4724; x_wconf 87' lang='lat' dir='ltr'><strong>lacus</strong></span> <span class='ocrx_word' id='word_1_573' title='bbox 1196 4665 1401 4725; x_wconf 75' lang='lat' dir='ltr'><strong>deomena-kirie</strong></span> <span class='ocrx_word' id='word_1_574' title='bbox 1423 4665 1535 4742; x_wconf 88' lang='lat' dir='ltr'><strong>(capula</strong></span> 
     </span>
     <span class='ocr_line' id='line_1_108' title="bbox 907 4741 1534 4819; baseline -0.002 -18"><span class='ocrx_word' id='word_1_575' title='bbox 907 4742 1023 4818; x_wconf 91' lang='lat' dir='ltr'><strong>mortui)</strong></span> <span class='ocrx_word' id='word_1_576' title='bbox 1050 4742 1156 4813; x_wconf 85' lang='lat' dir='ltr'><strong>dictae,</strong></span> <span class='ocrx_word' id='word_1_577' title='bbox 1183 4743 1212 4801; x_wconf 88' lang='lat' dir='ltr'><strong>in</strong></span> <span class='ocrx_word' id='word_1_578' title='bbox 1240 4743 1320 4818; x_wconf 78' lang='lat' dir='ltr'><strong>cujus</strong></span> <span class='ocrx_word' id='word_1_579' title='bbox 1344 4742 1433 4818; x_wconf 86' lang='lat' dir='ltr'><strong>glaeie</strong></span> <span class='ocrx_word' id='word_1_580' title='bbox 1453 4741 1534 4819; x_wconf 90' lang='lat' dir='ltr'><strong>pueri</strong></span> 
     </span>
    </p>
   </div>
   <div class='ocr_carea' id='block_1_20' title="bbox 0 0 1641 5310">
    <p class='ocr_par' dir='ltr' id='par_1_22' title="bbox 0 0 1641 5310">
     <span class='ocr_line' id='line_1_109' title="bbox 0 0 1641 5310; baseline 0 0"><span class='ocrx_word' id='word_1_581' title='bbox 0 0 1641 5310; x_wconf 95' lang='lat' dir='ltr'><strong> </strong></span> 
     </span>
    </p>
   </div>
  </div>
 </body>
</html>
