<?xml version="1.0" encoding="UTF-8"?>
<!DOCTYPE html PUBLIC "-//W3C//DTD XHTML 1.0 Transitional//EN"
    "http://www.w3.org/TR/xhtml1/DTD/xhtml1-transitional.dtd">
<html xmlns="http://www.w3.org/1999/xhtml" xml:lang="en" lang="en">
 <head>
  <title>
</title>
<meta http-equiv="Content-Type" content="text/html;charset=utf-8" />
  <meta name='ocr-system' content='tesseract 3.04.00' />
  <meta name='ocr-capabilities' content='ocr_page ocr_carea ocr_par ocr_line ocrx_word'/>
</head>
<body>
  <div class='ocr_page' id='page_1' title='image "./lexiconfrisicum00halbgoog_0089.png"; bbox 0 0 3256 5310; ppageno 0'>
   <div class='ocr_carea' id='block_1_1' title="bbox 186 237 1527 300">
    <p class='ocr_par' dir='ltr' id='par_1_1' title="bbox 186 237 1527 300">
     <span class='ocr_line' id='line_1_1' title="bbox 186 237 1527 300; baseline -0.001 0"><span class='ocrx_word' id='word_1_1' title='bbox 186 237 240 300; x_wconf 78' lang='lat'>147</span> <span class='ocrx_word' id='word_1_2' title='bbox 1471 238 1527 298; x_wconf 77' lang='lat' dir='ltr'>lae</span> 
     </span>
    </p>
   </div>
   <div class='ocr_carea' id='block_1_2' title="bbox 224 467 1531 925">
    <p class='ocr_par' dir='ltr' id='par_1_2' title="bbox 225 467 1529 544">
     <span class='ocr_line' id='line_1_2' title="bbox 225 467 1529 544; baseline -0.002 -19"><span class='ocrx_word' id='word_1_3' title='bbox 225 468 371 526; x_wconf 87' lang='lat' dir='ltr'>narcotiea.</span> <span class='ocrx_word' id='word_1_4' title='bbox 422 467 515 543; x_wconf 85' lang='lat' dir='ltr'>(Hisp.</span> <span class='ocrx_word' id='word_1_5' title='bbox 548 470 591 525; x_wconf 72' lang='lat' dir='ltr'>Ira</span> <span class='ocrx_word' id='word_1_6' title='bbox 623 468 689 542; x_wconf 77' lang='lat' dir='ltr'>dape</span> <span class='ocrx_word' id='word_1_7' title='bbox 724 468 755 524; x_wconf 81' lang='lat' dir='ltr'>de</span> <span class='ocrx_word' id='word_1_8' title='bbox 788 472 863 537; x_wconf 79' lang='lat' dir='ltr'>San,</span> <span class='ocrx_word' id='word_1_9' title='bbox 915 487 1001 544; x_wconf 87' lang='lat' dir='ltr'>opera</span> <span class='ocrx_word' id='word_1_10' title='bbox 1014 472 1209 526; x_wconf 87' lang='lat' dir='ltr'>remuneratur</span> <span class='ocrx_word' id='word_1_11' title='bbox 1218 467 1353 525; x_wconf 82' lang='lat' dir='ltr'>levidensi</span> <span class='ocrx_word' id='word_1_12' title='bbox 1363 469 1529 525; x_wconf 87' lang='lat' dir='ltr'>munusculo</span> 
     </span>
    </p>

    <p class='ocr_par' dir='ltr' id='par_1_3' title="bbox 225 543 1205 623">
     <span class='ocr_line' id='line_1_3' title="bbox 225 543 1205 623; baseline 0 -21"><span class='ocrx_word' id='word_1_13' title='bbox 225 544 362 602; x_wconf 79' lang='lat' dir='ltr'>Salvudor.</span> <span class='ocrx_word' id='word_1_14' title='bbox 401 544 516 620; x_wconf 86' lang='lat' dir='ltr'>Portug.</span> <span class='ocrx_word' id='word_1_15' title='bbox 543 546 623 620; x_wconf 75' lang='lat' dir='ltr'>Rape</span> <span class='ocrx_word' id='word_1_16' title='bbox 650 543 682 600; x_wconf 84' lang='lat' dir='ltr'>de</span> <span class='ocrx_word' id='word_1_17' title='bbox 707 544 779 601; x_wconf 68' lang='lat' dir='ltr'>ledea</span> <span class='ocrx_word' id='word_1_18' title='bbox 803 544 863 623; x_wconf 74' lang='lat' dir='ltr'>leel</span> <span class='ocrx_word' id='word_1_19' title='bbox 915 562 1064 621; x_wconf 87' lang='lat' dir='ltr'>aqnoqne</span> <span class='ocrx_word' id='word_1_20' title='bbox 1085 562 1205 602; x_wconf 87' lang='lat' dir='ltr'>cursore.</span> 
     </span>
    </p>

    <p class='ocr_par' dir='ltr' id='par_1_4' title="bbox 224 619 1529 697">
     <span class='ocr_line' id='line_1_4' title="bbox 224 619 1529 697; baseline -0.001 -20"><span class='ocrx_word' id='word_1_21' title='bbox 224 622 342 691; x_wconf 74' lang='lat' dir='ltr'>Sanies.)</span> <span class='ocrx_word' id='word_1_22' title='bbox 387 619 480 694; x_wconf 88' lang='lat' dir='ltr'>Hujus</span> <span class='ocrx_word' id='word_1_23' title='bbox 506 620 599 678; x_wconf 74' lang='lat' dir='ltr'>herbae</span> <span class='ocrx_word' id='word_1_24' title='bbox 625 620 730 689; x_wconf 86' lang='lat' dir='ltr'>sumus,</span> <span class='ocrx_word' id='word_1_25' title='bbox 758 639 842 697; x_wconf 91' lang='lat' dir='ltr'>quem</span> <span class='ocrx_word' id='word_1_26' title='bbox 861 628 862 660; x_wconf 65' lang='lat' dir='ltr'>l</span> <span class='ocrx_word' id='word_1_27' title='bbox 878 621 1068 689; x_wconf 87' lang='lat' dir='ltr'>baenride‚</span> <span class='ocrx_word' id='word_1_28' title='bbox 1094 624 1171 677; x_wconf 82' lang='lat' dir='ltr'>vbn.</span> <span class='ocrx_word' id='word_1_29' title='bbox 1197 640 1247 696; x_wconf 88' lang='lat' dir='ltr'>per</span> <span class='ocrx_word' id='word_1_30' title='bbox 1273 620 1394 677; x_wconf 87' lang='lat' dir='ltr'>stadium</span> <span class='ocrx_word' id='word_1_31' title='bbox 1414 620 1529 695; x_wconf 84' lang='lat' dir='ltr'>glaciale</span> 
     </span>
    </p>

    <p class='ocr_par' dir='ltr' id='par_1_5' title="bbox 224 696 1531 784">
     <span class='ocr_line' id='line_1_5' title="bbox 224 696 1531 784; baseline -0.002 -30"><span class='ocrx_word' id='word_1_32' title='bbox 224 697 307 755; x_wconf 79' lang='lat' dir='ltr'>Frisii</span> <span class='ocrx_word' id='word_1_33' title='bbox 334 716 385 784; x_wconf 80' lang='lat' dir='ltr'>per</span> <span class='ocrx_word' id='word_1_34' title='bbox 411 697 533 754; x_wconf 89' lang='lat' dir='ltr'>fistulam</span> <span class='ocrx_word' id='word_1_35' title='bbox 563 696 692 754; x_wconf 89' lang='lat' dir='ltr'>coctilem</span> <span class='ocrx_word' id='word_1_36' title='bbox 720 696 839 766; x_wconf 86' lang='lat' dir='ltr'>ducunt,</span> <span class='ocrx_word' id='word_1_37' title='bbox 915 697 979 755; x_wconf 91' lang='lat' dir='ltr'>hinc</span> <span class='ocrx_word' id='word_1_38' title='bbox 1005 696 1071 754; x_wconf 93' lang='lat' dir='ltr'>inde</span> <span class='ocrx_word' id='word_1_39' title='bbox 1094 696 1248 754; x_wconf 85' lang='lat' dir='ltr'>discurrere</span> <span class='ocrx_word' id='word_1_40' title='bbox 1269 696 1371 772; x_wconf 87' lang='lat' dir='ltr'>grallis.</span> <span class='ocrx_word' id='word_1_41' title='bbox 1390 729 1429 740; x_wconf 90' lang='lat'>-</span> <span class='ocrx_word' id='word_1_42' title='bbox 1448 696 1531 752; x_wconf 80' lang='lat' dir='ltr'>Frisii</span> 
     </span>
    </p>

    <p class='ocr_par' dir='ltr' id='par_1_6' title="bbox 224 772 1530 937">
     <span class='ocr_line' id='line_1_6' title="bbox 224 772 1530 862; baseline -0.002 -32"><span class='ocrx_word' id='word_1_43' title='bbox 224 773 263 830; x_wconf 90' lang='lat' dir='ltr'>eis</span> <span class='ocrx_word' id='word_1_44' title='bbox 294 792 375 830; x_wconf 84' lang='lat' dir='ltr'>unice</span> <span class='ocrx_word' id='word_1_45' title='bbox 405 774 433 830; x_wconf 94' lang='lat' dir='ltr'>in</span> <span class='ocrx_word' id='word_1_46' title='bbox 461 773 568 831; x_wconf 88' lang='lat' dir='ltr'>deliciis</span> <span class='ocrx_word' id='word_1_47' title='bbox 595 780 644 831; x_wconf 92' lang='lat' dir='ltr'>est.</span> <span class='ocrx_word' id='word_1_48' title='bbox 690 773 724 830; x_wconf 94' lang='lat' dir='ltr'>In</span> <span class='ocrx_word' id='word_1_49' title='bbox 752 775 841 850; x_wconf 91' lang='lat' dir='ltr'>epulis</span> <span class='ocrx_word' id='word_1_50' title='bbox 916 792 1139 862; x_wconf 84' lang='lat' dir='ltr'>quaquaversum</span> <span class='ocrx_word' id='word_1_51' title='bbox 1173 793 1222 849; x_wconf 88' lang='lat' dir='ltr'>per</span> <span class='ocrx_word' id='word_1_52' title='bbox 1255 772 1330 831; x_wconf 87' lang='lat' dir='ltr'>lacus</span> <span class='ocrx_word' id='word_1_53' title='bbox 1363 779 1392 830; x_wconf 88' lang='lat' dir='ltr'>et</span> <span class='ocrx_word' id='word_1_54' title='bbox 1421 774 1530 830; x_wconf 88' lang='lat' dir='ltr'>canales</span> 
     </span>
     <span class='ocr_line' id='line_1_7' title="bbox 916 897 933 925; baseline 0 0"><span class='ocrx_word' id='word_1_55' title='bbox 916 897 933 925; x_wconf 72' lang='grc' dir='ltr'><strong>Ο</strong></span> 
     </span>
    </p>
   </div>
   <div class='ocr_carea' id='block_1_3' title="bbox 223 849 1531 1308">
    <p class='ocr_par' dir='ltr' id='par_1_7' title="bbox 223 849 1531 1308">
     <span class='ocr_line' id='line_1_8' title="bbox 225 849 1530 926; baseline -0.001 -20"><span class='ocrx_word' id='word_1_56' title='bbox 225 849 368 906; x_wconf 83' lang='lat' dir='ltr'>ferialibus</span> <span class='ocrx_word' id='word_1_57' title='bbox 388 857 473 925; x_wconf 86' lang='lat' dir='ltr'>atque</span> <span class='ocrx_word' id='word_1_58' title='bbox 494 849 665 926; x_wconf 82' lang='lat' dir='ltr'>nuptialibus</span> <span class='ocrx_word' id='word_1_59' title='bbox 684 850 742 907; x_wconf 75' lang='lat' dir='ltr'>haec</span> <span class='ocrx_word' id='word_1_60' title='bbox 756 850 841 907; x_wconf 86' lang='lat' dir='ltr'>herba</span> <span class='ocrx_word' id='word_1_61' title='bbox 916 850 1003 907; x_wconf 64' lang='lat' dir='ltr'>“lacre</span> <span class='ocrx_word' id='word_1_62' title='bbox 1023 855 1109 907; x_wconf 89' lang='lat' dir='ltr'>tectos</span> <span class='ocrx_word' id='word_1_63' title='bbox 1129 849 1224 925; x_wconf 91' lang='lat' dir='ltr'>grallis</span> <span class='ocrx_word' id='word_1_64' title='bbox 1245 849 1417 918; x_wconf 85' lang='lat' dir='ltr'>discurrunt;</span> <span class='ocrx_word' id='word_1_65' title='bbox 1439 849 1530 917; x_wconf 81' lang='lat' dir='ltr'>nives,</span> 
     </span>
     <span class='ocr_line' id='line_1_9' title="bbox 224 925 1530 1002; baseline -0.001 -20"><span class='ocrx_word' id='word_1_66' title='bbox 224 926 339 983; x_wconf 87' lang='lat' dir='ltr'>offertur</span> <span class='ocrx_word' id='word_1_67' title='bbox 352 926 381 983; x_wconf 92' lang='lat' dir='ltr'>in</span> <span class='ocrx_word' id='word_1_68' title='bbox 392 927 494 1001; x_wconf 89' lang='lat' dir='ltr'>patinis</span> <span class='ocrx_word' id='word_1_69' title='bbox 506 926 672 1002; x_wconf 77' lang='lat' dir='ltr'>porcellanze</span> <span class='ocrx_word' id='word_1_70' title='bbox 683 926 863 1002; x_wconf 64' lang='lat' dir='ltr'>apennia„</span> <span class='ocrx_word' id='word_1_71' title='bbox 915 926 940 983; x_wconf 89' lang='lat' dir='ltr'>si</span> <span class='ocrx_word' id='word_1_72' title='bbox 964 926 1135 1002; x_wconf 88' lang='lat' dir='ltr'>impediunt,</span> <span class='ocrx_word' id='word_1_73' title='bbox 1161 925 1190 982; x_wconf 92' lang='lat' dir='ltr'>in</span> <span class='ocrx_word' id='word_1_74' title='bbox 1220 925 1320 982; x_wconf 86' lang='lat' dir='ltr'>vicinio</span> <span class='ocrx_word' id='word_1_75' title='bbox 1348 926 1473 982; x_wconf 87' lang='lat' dir='ltr'>vicorum</span> <span class='ocrx_word' id='word_1_76' title='bbox 1503 932 1530 981; x_wconf 90' lang='lat' dir='ltr'>et</span> 
     </span>
     <span class='ocr_line' id='line_1_10' title="bbox 224 1001 1530 1079; baseline -0.001 -21"><span class='ocrx_word' id='word_1_77' title='bbox 224 1002 273 1079; x_wconf 93' lang='lat' dir='ltr'>qni</span> <span class='ocrx_word' id='word_1_78' title='bbox 310 1021 369 1058; x_wconf 90' lang='lat' dir='ltr'>mos</span> <span class='ocrx_word' id='word_1_79' title='bbox 406 1021 441 1058; x_wconf 84' lang='lat' dir='ltr'>ex</span> <span class='ocrx_word' id='word_1_80' title='bbox 473 1002 624 1060; x_wconf 88' lang='lat' dir='ltr'>Hollandia</span> <span class='ocrx_word' id='word_1_81' title='bbox 657 1002 863 1079; x_wconf 59' lang='lat' dir='ltr'>repetundus32</span> <span class='ocrx_word' id='word_1_82' title='bbox 915 1002 1026 1060; x_wconf 89' lang='lat' dir='ltr'>urbium</span> <span class='ocrx_word' id='word_1_83' title='bbox 1053 1003 1139 1060; x_wconf 88' lang='lat' dir='ltr'>unitis</span> <span class='ocrx_word' id='word_1_84' title='bbox 1165 1001 1270 1059; x_wconf 88' lang='lat' dir='ltr'>viribus</span> <span class='ocrx_word' id='word_1_85' title='bbox 1289 1008 1422 1059; x_wconf 85' lang='lat' dir='ltr'>everrunt</span> <span class='ocrx_word' id='word_1_86' title='bbox 1444 1008 1471 1058; x_wconf 87' lang='lat' dir='ltr'>et</span> <span class='ocrx_word' id='word_1_87' title='bbox 1491 1002 1530 1058; x_wconf 91' lang='lat' dir='ltr'>sic</span> 
     </span>
     <span class='ocr_line' id='line_1_11' title="bbox 223 1078 1531 1155; baseline 0 -21"><span class='ocrx_word' id='word_1_88' title='bbox 223 1078 366 1135; x_wconf 77' lang='lat' dir='ltr'>memoriae</span> <span class='ocrx_word' id='word_1_89' title='bbox 397 1079 470 1135; x_wconf 86' lang='lat' dir='ltr'>enirn</span> <span class='ocrx_word' id='word_1_90' title='bbox 498 1078 631 1136; x_wconf 89' lang='lat' dir='ltr'>traditum</span> <span class='ocrx_word' id='word_1_91' title='bbox 658 1085 700 1136; x_wconf 91' lang='lat' dir='ltr'>est</span> <span class='ocrx_word' id='word_1_92' title='bbox 727 1079 863 1136; x_wconf 66' lang='lat' dir='ltr'>herbam³</span> <span class='ocrx_word' id='word_1_93' title='bbox 915 1079 969 1136; x_wconf 87' lang='lat' dir='ltr'>sibi</span> <span class='ocrx_word' id='word_1_94' title='bbox 997 1079 1117 1136; x_wconf 89' lang='lat' dir='ltr'>stadium</span> <span class='ocrx_word' id='word_1_95' title='bbox 1148 1098 1198 1155; x_wconf 89' lang='lat' dir='ltr'>per</span> <span class='ocrx_word' id='word_1_96' title='bbox 1228 1084 1315 1135; x_wconf 90' lang='lat' dir='ltr'>totam</span> <span class='ocrx_word' id='word_1_97' title='bbox 1346 1078 1464 1135; x_wconf 78' lang='lat' dir='ltr'>Frisium</span> <span class='ocrx_word' id='word_1_98' title='bbox 1484 1097 1531 1153; x_wconf 87' lang='lat' dir='ltr'>pa·</span> 
     </span>
     <span class='ocr_line' id='line_1_12' title="bbox 224 1154 1530 1242; baseline -0.002 -31"><span class='ocrx_word' id='word_1_99' title='bbox 224 1154 489 1213; x_wconf 88' lang='lat' dir='ltr'>tabaeinameodem</span> <span class='ocrx_word' id='word_1_100' title='bbox 500 1155 863 1231; x_wconf 75' lang='lat' dir='ltr'>modoappositamluisseL</span> <span class='ocrx_word' id='word_1_101' title='bbox 916 1162 993 1224; x_wconf 92' lang='lat' dir='ltr'>rant,</span> <span class='ocrx_word' id='word_1_102' title='bbox 1018 1162 1050 1213; x_wconf 92' lang='lat' dir='ltr'>ut</span> <span class='ocrx_word' id='word_1_103' title='bbox 1071 1155 1256 1242; x_wconf 88' lang='lat' dir='ltr'>voluptatem,</span> <span class='ocrx_word' id='word_1_104' title='bbox 1279 1174 1342 1230; x_wconf 75' lang='lat' dir='ltr'>qnae</span> <span class='ocrx_word' id='word_1_105' title='bbox 1362 1155 1404 1212; x_wconf 89' lang='lat' dir='ltr'>eis</span> <span class='ocrx_word' id='word_1_106' title='bbox 1422 1173 1530 1211; x_wconf 83' lang='lat' dir='ltr'>summa</span> 
     </span>
     <span class='ocr_line' id='line_1_13' title="bbox 224 1222 1530 1308; baseline -0.002 -21"><span class='ocrx_word' id='word_1_107' title='bbox 224 1230 298 1288; x_wconf 89' lang='lat' dir='ltr'>inter</span> <span class='ocrx_word' id='word_1_108' title='bbox 327 1230 424 1308; x_wconf 88' lang='lat' dir='ltr'>epulas</span> <span class='ocrx_word' id='word_1_109' title='bbox 450 1232 578 1301; x_wconf 87' lang='lat' dir='ltr'>lestivas,</span> <span class='ocrx_word' id='word_1_110' title='bbox 608 1250 677 1308; x_wconf 89' lang='lat' dir='ltr'>quas</span> <span class='ocrx_word' id='word_1_111' title='bbox 708 1222 863 1288; x_wconf 85' lang='lat' dir='ltr'>Nicoluus¹</span> <span class='ocrx_word' id='word_1_112' title='bbox 916 1238 972 1301; x_wconf 89' lang='lat' dir='ltr'>est,</span> <span class='ocrx_word' id='word_1_113' title='bbox 1003 1251 1054 1308; x_wconf 93' lang='lat' dir='ltr'>pro</span> <span class='ocrx_word' id='word_1_114' title='bbox 1083 1231 1175 1288; x_wconf 91' lang='lat' dir='ltr'>lubrtu</span> <span class='ocrx_word' id='word_1_115' title='bbox 1205 1232 1302 1289; x_wconf 89' lang='lat' dir='ltr'>ferant.</span> <span class='ocrx_word' id='word_1_116' title='bbox 1348 1231 1378 1288; x_wconf 88' lang='lat' dir='ltr'>Si</span> <span class='ocrx_word' id='word_1_117' title='bbox 1405 1230 1530 1287; x_wconf 88' lang='lat' dir='ltr'>terminis</span> 
     </span>
    </p>
   </div>
   <div class='ocr_carea' id='block_1_4' title="bbox 224 1306 1529 1384">
    <p class='ocr_par' dir='ltr' id='par_1_8' title="bbox 224 1306 1529 1384">
     <span class='ocr_line' id='line_1_14' title="bbox 224 1306 1529 1384; baseline -0.001 -20"><span class='ocrx_word' id='word_1_118' title='bbox 224 1306 344 1383; x_wconf 84' lang='lat' dir='ltr'>Tulpius</span> <span class='ocrx_word' id='word_1_119' title='bbox 364 1327 437 1364; x_wconf 83' lang='lat' dir='ltr'>enno</span> <span class='ocrx_word' id='word_1_120' title='bbox 459 1309 533 1365; x_wconf 86' lang='grc'>1660</span> <span class='ocrx_word' id='word_1_121' title='bbox 554 1327 581 1383; x_wconf 91' lang='lat' dir='ltr'>p.</span> <span class='ocrx_word' id='word_1_122' title='bbox 602 1307 667 1366; x_wconf 76' lang='lat' dir='ltr'>Cn.</span> <span class='ocrx_word' id='word_1_123' title='bbox 688 1308 725 1365; x_wconf 94' lang='lat' dir='ltr'>ob</span> <span class='ocrx_word' id='word_1_124' title='bbox 742 1309 842 1383; x_wconf 88' lang='lat' dir='ltr'>magis·</span> <span class='ocrx_word' id='word_1_125' title='bbox 860 1346 862 1375; x_wconf 46' lang='grc' dir='ltr'>ἰ</span> <span class='ocrx_word' id='word_1_126' title='bbox 915 1308 998 1364; x_wconf 89' lang='lat' dir='ltr'>stadii</span> <span class='ocrx_word' id='word_1_127' title='bbox 1012 1308 1127 1365; x_wconf 85' lang='lat' dir='ltr'>minoris</span> <span class='ocrx_word' id='word_1_128' title='bbox 1142 1309 1214 1384; x_wconf 83' lang='lat' dir='ltr'>septi</span> <span class='ocrx_word' id='word_1_129' title='bbox 1227 1313 1300 1376; x_wconf 88' lang='lat' dir='ltr'>sunt,</span> <span class='ocrx_word' id='word_1_130' title='bbox 1316 1307 1375 1364; x_wconf 84' lang='lat' dir='ltr'>haee</span> <span class='ocrx_word' id='word_1_131' title='bbox 1388 1307 1433 1364; x_wconf 87' lang='lat' dir='ltr'>lex</span> <span class='ocrx_word' id='word_1_132' title='bbox 1447 1307 1529 1382; x_wconf 90' lang='lat' dir='ltr'>viget,</span> 
     </span>
    </p>
   </div>
   <div class='ocr_carea' id='block_1_5' title="bbox 224 1383 1619 1460">
    <p class='ocr_par' dir='ltr' id='par_1_9' title="bbox 224 1383 1619 1460">
     <span class='ocr_line' id='line_1_15' title="bbox 224 1383 1619 1460; baseline -0.001 -21"><span class='ocrx_word' id='word_1_133' title='bbox 224 1388 328 1441; x_wconf 87' lang='lat' dir='ltr'>tratum</span> <span class='ocrx_word' id='word_1_134' title='bbox 347 1383 424 1441; x_wconf 90' lang='lat' dir='ltr'>urhis</span> <span class='ocrx_word' id='word_1_135' title='bbox 444 1384 647 1441; x_wconf 83' lang='lat' dir='ltr'>Amstelodami</span> <span class='ocrx_word' id='word_1_136' title='bbox 667 1403 717 1460; x_wconf 90' lang='lat' dir='ltr'>per</span> <span class='ocrx_word' id='word_1_137' title='bbox 739 1388 774 1441; x_wconf 87' lang='lat'>50</span> <span class='ocrx_word' id='word_1_138' title='bbox 792 1387 862 1441; x_wconf 85' lang='lat' dir='ltr'>arr-¹</span> <span class='ocrx_word' id='word_1_139' title='bbox 916 1390 946 1441; x_wconf 91' lang='lat' dir='ltr'>ut</span> <span class='ocrx_word' id='word_1_140' title='bbox 978 1404 1075 1442; x_wconf 89' lang='lat' dir='ltr'>omnes</span> <span class='ocrx_word' id='word_1_141' title='bbox 1108 1384 1191 1441; x_wconf 86' lang='lat' dir='ltr'>simul</span> <span class='ocrx_word' id='word_1_142' title='bbox 1220 1383 1321 1441; x_wconf 85' lang='lat' dir='ltr'>abeant</span> <span class='ocrx_word' id='word_1_143' title='bbox 1345 1383 1529 1459; x_wconf 81' lang='lat' dir='ltr'>redeantque,</span> <span class='ocrx_word' id='word_1_144' title='bbox 1591 1412 1619 1441; x_wconf 66' lang='lat' dir='ltr'>e..</span> 
     </span>
    </p>
   </div>
   <div class='ocr_carea' id='block_1_6' title="bbox 184 1456 1531 2082">
    <p class='ocr_par' dir='ltr' id='par_1_10' title="bbox 184 1456 1531 1690">
     <span class='ocr_line' id='line_1_16' title="bbox 224 1456 1531 1535; baseline -0.001 -19"><span class='ocrx_word' id='word_1_145' title='bbox 224 1478 274 1517; x_wconf 93' lang='lat' dir='ltr'>nos</span> <span class='ocrx_word' id='word_1_146' title='bbox 294 1459 413 1518; x_wconf 83' lang='lat' dir='ltr'>feliciter</span> <span class='ocrx_word' id='word_1_147' title='bbox 433 1467 542 1535; x_wconf 87' lang='lat' dir='ltr'>gestum</span> <span class='ocrx_word' id='word_1_148' title='bbox 563 1460 721 1517; x_wconf 86' lang='lat' dir='ltr'>celebravit.</span> <span class='ocrx_word' id='word_1_149' title='bbox 860 1456 862 1527; x_wconf 61' lang='lat' dir='ltr'>l</span> <span class='ocrx_word' id='word_1_150' title='bbox 917 1480 951 1518; x_wconf 95' lang='lat' dir='ltr'>ne</span> <span class='ocrx_word' id='word_1_151' title='bbox 977 1461 1024 1518; x_wconf 88' lang='lat' dir='ltr'>alii</span> <span class='ocrx_word' id='word_1_152' title='bbox 1050 1461 1112 1518; x_wconf 88' lang='lat' dir='ltr'>aliis</span> <span class='ocrx_word' id='word_1_153' title='bbox 1138 1460 1248 1518; x_wconf 88' lang='lat' dir='ltr'>obviam</span> <span class='ocrx_word' id='word_1_154' title='bbox 1274 1459 1340 1517; x_wconf 87' lang='lat' dir='ltr'>faeti</span> <span class='ocrx_word' id='word_1_155' title='bbox 1371 1476 1434 1516; x_wconf 82' lang='lat' dir='ltr'>sese</span> <span class='ocrx_word' id='word_1_156' title='bbox 1463 1458 1531 1516; x_wconf 84' lang='lat' dir='ltr'>invi·</span> 
     </span>
     <span class='ocr_line' id='line_1_17' title="bbox 184 1536 1491 1614; baseline -0.002 -19"><span class='ocrx_word' id='word_1_157' title='bbox 184 1536 681 1613; x_wconf 79' lang='lat' dir='ltr'>BAELT,1saa1.u,F.b.pulvinns.</span> <span class='ocrx_word' id='word_1_158' title='bbox 701 1538 732 1594; x_wconf 92' lang='lat' dir='ltr'>F.</span> <span class='ocrx_word' id='word_1_159' title='bbox 746 1538 840 1594; x_wconf 75' lang='lat' dir='ltr'>tebet.</span> <span class='ocrx_word' id='word_1_160' title='bbox 916 1556 975 1594; x_wconf 88' lang='lat' dir='ltr'>cem</span> <span class='ocrx_word' id='word_1_161' title='bbox 996 1543 1078 1595; x_wconf 91' lang='lat' dir='ltr'>ruant</span> <span class='ocrx_word' id='word_1_162' title='bbox 1098 1543 1126 1594; x_wconf 91' lang='lat' dir='ltr'>et</span> <span class='ocrx_word' id='word_1_163' title='bbox 1146 1536 1224 1614; x_wconf 86' lang='lat' dir='ltr'>lapsu</span> <span class='ocrx_word' id='word_1_164' title='bbox 1246 1556 1319 1592; x_wconf 72' lang='lat' dir='ltr'>saevo</span> <span class='ocrx_word' id='word_1_165' title='bbox 1339 1543 1491 1593; x_wconf 83' lang='lat' dir='ltr'>conterant.</span> 
     </span>
     <span class='ocr_line' id='line_1_18' title="bbox 184 1611 1529 1690; baseline -0.001 -21"><span class='ocrx_word' id='word_1_166' title='bbox 184 1612 305 1682; x_wconf 76' lang='lat' dir='ltr'>Banu,</span> <span class='ocrx_word' id='word_1_167' title='bbox 331 1631 372 1687; x_wconf 90' lang='lat' dir='ltr'>cg.</span> <span class='ocrx_word' id='word_1_168' title='bbox 393 1613 438 1669; x_wconf 85' lang='lat' dir='ltr'>via</span> <span class='ocrx_word' id='word_1_169' title='bbox 457 1620 555 1689; x_wconf 87' lang='lat' dir='ltr'>parata</span> <span class='ocrx_word' id='word_1_170' title='bbox 575 1619 602 1669; x_wconf 92' lang='lat' dir='ltr'>et</span> <span class='ocrx_word' id='word_1_171' title='bbox 622 1622 716 1690; x_wconf 88' lang='lat' dir='ltr'>septe,</span> <span class='ocrx_word' id='word_1_172' title='bbox 736 1613 765 1670; x_wconf 91' lang='lat' dir='ltr'>in</span> <span class='ocrx_word' id='word_1_173' title='bbox 786 1633 842 1690; x_wconf 89' lang='lat' dir='ltr'>qua</span> <span class='ocrx_word' id='word_1_174' title='bbox 877 1612 1103 1681; x_wconf 88' lang='lat' dir='ltr'>baeu-rider,</span> <span class='ocrx_word' id='word_1_175' title='bbox 1132 1632 1173 1689; x_wconf 90' lang='lat' dir='ltr'>og.</span> <span class='ocrx_word' id='word_1_176' title='bbox 1194 1613 1243 1690; x_wconf 91' lang='lat' dir='ltr'>qui</span> <span class='ocrx_word' id='word_1_177' title='bbox 1263 1612 1293 1669; x_wconf 91' lang='lat' dir='ltr'>in</span> <span class='ocrx_word' id='word_1_178' title='bbox 1312 1612 1401 1669; x_wconf 86' lang='lat' dir='ltr'>stadio</span> <span class='ocrx_word' id='word_1_179' title='bbox 1421 1611 1529 1686; x_wconf 85' lang='lat' dir='ltr'>glaciali</span> 
     </span>
    </p>

    <p class='ocr_par' dir='ltr' id='par_1_11' title="bbox 224 1685 1530 1765">
     <span class='ocr_line' id='line_1_19' title="bbox 224 1685 1530 1765; baseline -0.002 -19"><span class='ocrx_word' id='word_1_180' title='bbox 224 1694 345 1746; x_wconf 89' lang='lat' dir='ltr'>certatur</span> <span class='ocrx_word' id='word_1_181' title='bbox 372 1708 462 1746; x_wconf 86' lang='lat' dir='ltr'>eursu</span> <span class='ocrx_word' id='word_1_182' title='bbox 489 1690 527 1765; x_wconf 90' lang='lat' dir='ltr'>pl.</span> <span class='ocrx_word' id='word_1_183' title='bbox 555 1690 644 1747; x_wconf 76' lang='lat' dir='ltr'>hainen.</span> <span class='ocrx_word' id='word_1_184' title='bbox 682 1689 717 1747; x_wconf 90' lang='lat' dir='ltr'>G.</span> <span class='ocrx_word' id='word_1_185' title='bbox 728 1687 754 1748; x_wconf 85' lang='lat' dir='ltr'>J.</span> <span class='ocrx_word' id='word_1_186' title='bbox 777 1690 841 1747; x_wconf 76' lang='lat' dir='ltr'>deba</span> <span class='ocrx_word' id='word_1_187' title='bbox 916 1709 999 1748; x_wconf 90' lang='lat' dir='ltr'>cursu</span> <span class='ocrx_word' id='word_1_188' title='bbox 1016 1695 1102 1747; x_wconf 89' lang='lat' dir='ltr'>certat</span> <span class='ocrx_word' id='word_1_189' title='bbox 1115 1689 1149 1747; x_wconf 90' lang='lat' dir='ltr'>de</span> <span class='ocrx_word' id='word_1_190' title='bbox 1164 1690 1287 1765; x_wconf 84' lang='lat' dir='ltr'>praemio.</span> <span class='ocrx_word' id='word_1_191' title='bbox 1318 1689 1371 1746; x_wconf 88' lang='lat' dir='ltr'>llle</span> <span class='ocrx_word' id='word_1_192' title='bbox 1385 1685 1530 1745; x_wconf 88' lang='lat' dir='ltr'>velocitate</span> 
     </span>
    </p>

    <p class='ocr_par' dir='ltr' id='par_1_12' title="bbox 186 1765 1531 1941">
     <span class='ocr_line' id='line_1_20' title="bbox 224 1765 1531 1842; baseline -0.001 -20"><span class='ocrx_word' id='word_1_193' title='bbox 224 1771 253 1822; x_wconf 92' lang='lat' dir='ltr'>et</span> <span class='ocrx_word' id='word_1_194' title='bbox 272 1766 343 1821; x_wconf 83' lang='lat' dir='ltr'>baeu.</span> <span class='ocrx_word' id='word_1_195' title='bbox 915 1766 1035 1823; x_wconf 89' lang='lat' dir='ltr'>multum</span> <span class='ocrx_word' id='word_1_196' title='bbox 1063 1771 1179 1842; x_wconf 86' lang='lat' dir='ltr'>praestat</span> <span class='ocrx_word' id='word_1_197' title='bbox 1204 1765 1294 1823; x_wconf 88' lang='lat' dir='ltr'>solitis</span> <span class='ocrx_word' id='word_1_198' title='bbox 1320 1765 1416 1841; x_wconf 88' lang='lat' dir='ltr'>eisque</span> <span class='ocrx_word' id='word_1_199' title='bbox 1436 1765 1531 1822; x_wconf 89' lang='lat' dir='ltr'>eeleri-</span> 
     </span>
     <span class='ocr_line' id='line_1_21' title="bbox 186 1839 1222 1941; baseline 0.002 -44"><span class='ocrx_word' id='word_1_200' title='bbox 186 1839 291 1910; x_wconf 70' lang='lat' dir='ltr'>bhen,</span> <span class='ocrx_word' id='word_1_201' title='bbox 328 1860 369 1916; x_wconf 89' lang='lat' dir='ltr'>eg.</span> <span class='ocrx_word' id='word_1_202' title='bbox 399 1840 521 1899; x_wconf 85' lang='lat' dir='ltr'>stadium</span> <span class='ocrx_word' id='word_1_203' title='bbox 550 1848 657 1900; x_wconf 90' lang='lat' dir='ltr'>rectum</span> <span class='ocrx_word' id='word_1_204' title='bbox 687 1861 737 1919; x_wconf 91' lang='lat' dir='ltr'>per</span> <span class='ocrx_word' id='word_1_205' title='bbox 765 1843 862 1941; x_wconf 58' lang='lat' dir='ltr'>quodq</span> <span class='ocrx_word' id='word_1_206' title='bbox 916 1842 1034 1919; x_wconf 91' lang='lat' dir='ltr'>pedibus</span> <span class='ocrx_word' id='word_1_207' title='bbox 1054 1842 1222 1900; x_wconf 82' lang='lat' dir='ltr'>cursoribus.</span> 
     </span>
    </p>

    <p class='ocr_par' dir='ltr' id='par_1_13' title="bbox 224 1917 1530 1994">
     <span class='ocr_line' id='line_1_22' title="bbox 224 1917 1530 1994; baseline -0.001 -20"><span class='ocrx_word' id='word_1_208' title='bbox 224 1923 332 1974; x_wconf 88' lang='lat' dir='ltr'>certant</span> <span class='ocrx_word' id='word_1_209' title='bbox 368 1936 494 1975; x_wconf 87' lang='lat' dir='ltr'>cursores</span> <span class='ocrx_word' id='word_1_210' title='bbox 528 1918 657 1993; x_wconf 82' lang='lat' dir='ltr'>glaciales</span> <span class='ocrx_word' id='word_1_211' title='bbox 696 1918 740 1975; x_wconf 86' lang='lat' dir='ltr'>vel</span> <span class='ocrx_word' id='word_1_212' title='bbox 776 1920 841 1976; x_wconf 91' lang='lat' dir='ltr'>eui</span> <span class='ocrx_word' id='word_1_213' title='bbox 859 1948 862 1987; x_wconf 64' lang='lat'><em>2</em></span> <span class='ocrx_word' id='word_1_214' title='bbox 878 1918 1079 1988; x_wconf 86' lang='lat' dir='ltr'>rom-been,</span> <span class='ocrx_word' id='word_1_215' title='bbox 1100 1918 1249 1976; x_wconf 79' lang='lat' dir='ltr'>obstaculis</span> <span class='ocrx_word' id='word_1_216' title='bbox 1264 1919 1387 1986; x_wconf 89' lang='lat' dir='ltr'>remotis,</span> <span class='ocrx_word' id='word_1_217' title='bbox 1406 1917 1530 1994; x_wconf 86' lang='lat' dir='ltr'>proprie,</span> 
     </span>
    </p>

    <p class='ocr_par' dir='ltr' id='par_1_14' title="bbox 226 1939 1530 2082">
     <span class='ocr_line' id='line_1_23' title="bbox 226 1939 1530 2082; baseline -0.001 -32"><span class='ocrx_word' id='word_1_218' title='bbox 226 2012 316 2051; x_wconf 91' lang='lat' dir='ltr'>eursu.</span> <span class='ocrx_word' id='word_1_219' title='bbox 348 1992 430 2051; x_wconf 86' lang='lat' dir='ltr'>Valet</span> <span class='ocrx_word' id='word_1_220' title='bbox 451 1995 591 2082; x_wconf 77' lang='lat' dir='ltr'>praecipue</span> <span class='ocrx_word' id='word_1_221' title='bbox 613 1995 647 2054; x_wconf 91' lang='lat' dir='ltr'>de</span> <span class='ocrx_word' id='word_1_222' title='bbox 661 1995 706 2052; x_wconf 83' lang='lat' dir='ltr'>via</span> <span class='ocrx_word' id='word_1_223' title='bbox 720 1939 862 2069; x_wconf 71' lang='lat' dir='ltr'>glaeihli‚!</span> <span class='ocrx_word' id='word_1_224' title='bbox 916 1995 960 2054; x_wconf 87' lang='lat' dir='ltr'>via</span> <span class='ocrx_word' id='word_1_225' title='bbox 980 2002 1095 2053; x_wconf 84' lang='lat' dir='ltr'>vacuata</span> <span class='ocrx_word' id='word_1_226' title='bbox 1108 2001 1137 2052; x_wconf 91' lang='lat' dir='ltr'>et</span> <span class='ocrx_word' id='word_1_227' title='bbox 1149 2002 1253 2072; x_wconf 87' lang='lat' dir='ltr'>parata.</span> <span class='ocrx_word' id='word_1_228' title='bbox 1280 1995 1413 2052; x_wconf 81' lang='lat' dir='ltr'>Romduen</span> <span class='ocrx_word' id='word_1_229' title='bbox 1424 1994 1530 2062; x_wconf 79' lang='lat' dir='ltr'>meitee,</span> 
     </span>
    </p>
   </div>
   <div class='ocr_carea' id='block_1_7' title="bbox 186 2048 1585 4828">
    <p class='ocr_par' dir='ltr' id='par_1_15' title="bbox 224 2048 1530 2206">
     <span class='ocr_line' id='line_1_24' title="bbox 224 2048 1530 2206; baseline -0.001 -80"><span class='ocrx_word' id='word_1_230' title='bbox 224 2089 319 2201; x_wconf 56' lang='lat' dir='ltr'>{qua</span> <span class='ocrx_word' id='word_1_231' title='bbox 338 2089 422 2203; x_wconf 46' lang='lat' dir='ltr'>alubi}</span> <span class='ocrx_word' id='word_1_232' title='bbox 437 2089 529 2202; x_wconf 67' lang='lat' dir='ltr'>sqoprs</span> <span class='ocrx_word' id='word_1_233' title='bbox 549 2091 652 2204; x_wconf 55' lang='lat' dir='ltr'>avtpqsac</span> <span class='ocrx_word' id='word_1_234' title='bbox 672 2077 738 2205; x_wconf 75' lang='lat' dir='ltr'>sept</span> <span class='ocrx_word' id='word_1_235' title='bbox 776 2048 862 2160; x_wconf 64' lang='lat' dir='ltr'>Seill</span> <span class='ocrx_word' id='word_1_236' title='bbox 915 2071 1234 2206; x_wconf 53' lang='lat' dir='ltr'>hb⁸i⁸⁰uolipr⁰m⁰v⁸¹⁹&#39;</span> <span class='ocrx_word' id='word_1_237' title='bbox 1262 2070 1410 2148; x_wconf 85' lang='lat' dir='ltr'>profligare</span> <span class='ocrx_word' id='word_1_238' title='bbox 1430 2069 1530 2147; x_wconf 81' lang='lat' dir='ltr'>hostes.</span> 
     </span>
    </p>

    <p class='ocr_par' dir='ltr' id='par_1_16' title="bbox 239 2160 1136 2217">
     <span class='ocr_line' id='line_1_25' title="bbox 239 2160 1136 2217; baseline 0.003 -15"><span class='ocrx_word' id='word_1_239' title='bbox 239 2166 296 2213; x_wconf 83' lang='lat' dir='ltr'>oen;</span> <span class='ocrx_word' id='word_1_240' title='bbox 357 2165 371 2202; x_wconf 87' lang='lat' dir='ltr'>e</span> <span class='ocrx_word' id='word_1_241' title='bbox 515 2167 647 2217; x_wconf 84' lang='lat' dir='ltr'>,sin</span> <span class='ocrx_word' id='word_1_242' title='bbox 720 2167 762 2205; x_wconf 78' lang='lat' dir='ltr'>rev</span> <span class='ocrx_word' id='word_1_243' title='bbox 811 2168 841 2205; x_wconf 93' lang='lat' dir='ltr'>1n</span> <span class='ocrx_word' id='word_1_244' title='bbox 943 2168 1023 2206; x_wconf 90' lang='lat' dir='ltr'>..r</span> <span class='ocrx_word' id='word_1_245' title='bbox 1089 2160 1136 2206; x_wconf 81' lang='grc' dir='ltr'>ἠ.</span> 
     </span>
    </p>

    <p class='ocr_par' dir='ltr' id='par_1_17' title="bbox 223 2166 1531 2301">
     <span class='ocr_line' id='line_1_26' title="bbox 223 2166 1531 2301; baseline -0.001 -22"><span class='ocrx_word' id='word_1_246' title='bbox 223 2222 311 2297; x_wconf 89' lang='lat' dir='ltr'>glacie</span> <span class='ocrx_word' id='word_1_247' title='bbox 328 2166 348 2279; x_wconf 75' lang='lat' dir='ltr'>i</span> <span class='ocrx_word' id='word_1_248' title='bbox 368 2223 432 2279; x_wconf 88' lang='lat' dir='ltr'>nive</span> <span class='ocrx_word' id='word_1_249' title='bbox 452 2168 611 2301; x_wconf 71' lang='lat' dir='ltr'>piiigatum.</span> <span class='ocrx_word' id='word_1_250' title='bbox 649 2167 676 2206; x_wconf 75' lang='lat' dir='ltr'><strong>m</strong></span> <span class='ocrx_word' id='word_1_251' title='bbox 763 2167 778 2206; x_wconf 64' lang='lat' dir='ltr'>e</span> <span class='ocrx_word' id='word_1_252' title='bbox 876 2223 1005 2295; x_wconf 72' lang='lat' dir='ltr'>banea,</span> <span class='ocrx_word' id='word_1_253' title='bbox 1045 2169 1111 2301; x_wconf 63' lang='lat' dir='ltr'>plw</span> <span class='ocrx_word' id='word_1_254' title='bbox 1123 2228 1265 2300; x_wconf 88' lang='lat' dir='ltr'>segmenta</span> <span class='ocrx_word' id='word_1_255' title='bbox 1303 2224 1389 2300; x_wconf 89' lang='lat' dir='ltr'>panni</span> <span class='ocrx_word' id='word_1_256' title='bbox 1430 2223 1531 2298; x_wconf 85' lang='lat' dir='ltr'>integri</span> 
     </span>
    </p>

    <p class='ocr_par' dir='ltr' id='par_1_18' title="bbox 187 2297 1585 4213">
     <span class='ocr_line' id='line_1_27' title="bbox 187 2297 1531 2377; baseline -0.001 -22"><span class='ocrx_word' id='word_1_257' title='bbox 187 2297 290 2369; x_wconf 71' lang='lat' dir='ltr'>bien,</span> <span class='ocrx_word' id='word_1_258' title='bbox 315 2299 364 2357; x_wconf 93' lang='lat' dir='ltr'>nbi</span> <span class='ocrx_word' id='word_1_259' title='bbox 390 2319 445 2356; x_wconf 92' lang='lat' dir='ltr'>non</span> <span class='ocrx_word' id='word_1_260' title='bbox 472 2299 596 2358; x_wconf 88' lang='lat' dir='ltr'>cecidere</span> <span class='ocrx_word' id='word_1_261' title='bbox 624 2301 714 2371; x_wconf 91' lang='lat' dir='ltr'>nives,</span> <span class='ocrx_word' id='word_1_262' title='bbox 742 2301 841 2358; x_wconf 89' lang='lat' dir='ltr'>semita</span> <span class='ocrx_word' id='word_1_263' title='bbox 915 2301 1047 2377; x_wconf 90' lang='lat' dir='ltr'>oblonga,</span> <span class='ocrx_word' id='word_1_264' title='bbox 1067 2320 1130 2377; x_wconf 82' lang='lat' dir='ltr'>quac</span> <span class='ocrx_word' id='word_1_265' title='bbox 1150 2301 1269 2359; x_wconf 81' lang='lat' dir='ltr'>invicem</span> <span class='ocrx_word' id='word_1_266' title='bbox 1290 2306 1385 2357; x_wconf 86' lang='lat' dir='ltr'>assuta</span> <span class='ocrx_word' id='word_1_267' title='bbox 1408 2299 1531 2357; x_wconf 90' lang='lat' dir='ltr'>efficiunt</span> 
     </span>
     <span class='ocr_line' id='line_1_28' title="bbox 223 2374 1531 2451; baseline -0.002 -19"><span class='ocrx_word' id='word_1_268' title='bbox 223 2375 252 2433; x_wconf 90' lang='lat' dir='ltr'>in</span> <span class='ocrx_word' id='word_1_269' title='bbox 274 2374 361 2450; x_wconf 87' lang='lat' dir='ltr'>glacie</span> <span class='ocrx_word' id='word_1_270' title='bbox 381 2375 457 2433; x_wconf 90' lang='lat' dir='ltr'>nuda</span> <span class='ocrx_word' id='word_1_271' title='bbox 478 2376 573 2451; x_wconf 87' lang='lat' dir='ltr'>grallis</span> <span class='ocrx_word' id='word_1_272' title='bbox 593 2377 688 2435; x_wconf 86' lang='lat' dir='ltr'>ferreis</span> <span class='ocrx_word' id='word_1_273' title='bbox 703 2377 840 2435; x_wconf 86' lang='lat' dir='ltr'>viatorum</span> <span class='ocrx_word' id='word_1_274' title='bbox 915 2384 1019 2436; x_wconf 89' lang='lat' dir='ltr'>vestem</span> <span class='ocrx_word' id='word_1_275' title='bbox 1039 2377 1212 2435; x_wconf 87' lang='lat' dir='ltr'>muliebrem.</span> <span class='ocrx_word' id='word_1_276' title='bbox 1244 2378 1329 2434; x_wconf 71' lang='lat' dir='ltr'>Jaele</span> <span class='ocrx_word' id='word_1_277' title='bbox 1348 2377 1373 2432; x_wconf 78' lang='lat' dir='ltr'>iz</span> <span class='ocrx_word' id='word_1_278' title='bbox 1385 2374 1437 2449; x_wconf 76' lang='lat' dir='ltr'>fif</span> <span class='ocrx_word' id='word_1_279' title='bbox 1448 2375 1531 2431; x_wconf 71' lang='lat' dir='ltr'>danai</span> 
     </span>
     <span class='ocr_line' id='line_1_29' title="bbox 224 2450 1530 2530; baseline -0.001 -22"><span class='ocrx_word' id='word_1_280' title='bbox 224 2452 289 2509; x_wconf 87' lang='lat' dir='ltr'>trita</span> <span class='ocrx_word' id='word_1_281' title='bbox 309 2458 337 2509; x_wconf 91' lang='lat' dir='ltr'>et</span> <span class='ocrx_word' id='word_1_282' title='bbox 356 2458 458 2510; x_wconf 87' lang='lat' dir='ltr'>notata.</span> <span class='ocrx_word' id='word_1_283' title='bbox 497 2455 566 2510; x_wconf 82' lang='lat' dir='ltr'>Kom</span> <span class='ocrx_word' id='word_1_284' title='bbox 586 2460 634 2511; x_wconf 82' lang='lat' dir='ltr'>nat</span> <span class='ocrx_word' id='word_1_285' title='bbox 646 2458 698 2528; x_wconf 81' lang='lat' dir='ltr'>fen</span> <span class='ocrx_word' id='word_1_286' title='bbox 718 2455 747 2511; x_wconf 84' lang='lat' dir='ltr'>di</span> <span class='ocrx_word' id='word_1_287' title='bbox 762 2453 839 2523; x_wconf 66' lang='lat' dir='ltr'>brier,</span> <span class='ocrx_word' id='word_1_288' title='bbox 906 2455 978 2530; x_wconf 84' lang='lat' dir='ltr'>foa&#39;r</span> <span class='ocrx_word' id='word_1_289' title='bbox 1006 2455 1067 2525; x_wconf 78' lang='lat' dir='ltr'>tjar</span> <span class='ocrx_word' id='word_1_290' title='bbox 1098 2456 1165 2510; x_wconf 75' lang='lat' dir='ltr'>reale</span> <span class='ocrx_word' id='word_1_291' title='bbox 1190 2453 1299 2522; x_wconf 78' lang='lat' dir='ltr'>nedieh,</span> <span class='ocrx_word' id='word_1_292' title='bbox 1332 2450 1433 2509; x_wconf 88' lang='lat' dir='ltr'>Kanka</span> <span class='ocrx_word' id='word_1_293' title='bbox 1458 2470 1530 2527; x_wconf 89' lang='lat' dir='ltr'>opus</span> 
     </span>
     <span class='ocr_line' id='line_1_30' title="bbox 224 2527 1531 2665; baseline -0.001 -80"><span class='ocrx_word' id='word_1_294' title='bbox 224 2547 349 2662; x_wconf 40' lang='lat' dir='ltr'>sequere·</span> <span class='ocrx_word' id='word_1_295' title='bbox 361 2527 432 2585; x_wconf 80' lang='lat' dir='ltr'>viam</span> <span class='ocrx_word' id='word_1_296' title='bbox 447 2529 547 2662; x_wconf 55' lang='lat' dir='ltr'>[tsritqm</span> <span class='ocrx_word' id='word_1_297' title='bbox 566 2530 754 2662; x_wconf 38' lang='lat' dir='ltr'>hymel?</span> <span class='ocrx_word' id='word_1_298' title='bbox 762 2549 840 2664; x_wconf 66' lang='lat' dir='ltr'>baqna</span> <span class='ocrx_word' id='word_1_299' title='bbox 914 2532 1105 2665; x_wconf 54' lang='lat' dir='ltr'>esttequinque</span> <span class='ocrx_word' id='word_1_300' title='bbox 1126 2530 1212 2663; x_wconf 51' lang='lat' dir='ltr'>hmini</span> <span class='ocrx_word' id='word_1_301' title='bbox 1231 2529 1402 2662; x_wconf 58' lang='lat' dir='ltr'>selgmentilsle</span> <span class='ocrx_word' id='word_1_302' title='bbox 1402 2527 1431 2584; x_wconf 89' lang='lat' dir='ltr'>in</span> <span class='ocrx_word' id='word_1_303' title='bbox 1446 2546 1531 2663; x_wconf 67' lang='lat' dir='ltr'>lsuqrp</span> 
     </span>
     <span class='ocr_line' id='line_1_31' title="bbox 223 2623 1530 2665; baseline 0 -4"><span class='ocrx_word' id='word_1_304' title='bbox 223 2624 428 2662; x_wconf 78' lang='lat' dir='ltr'>auoceris-</span> <span class='ocrx_word' id='word_1_305' title='bbox 469 2625 483 2661; x_wconf 81' lang='lat' dir='ltr'>s</span> <span class='ocrx_word' id='word_1_306' title='bbox 517 2625 566 2664; x_wconf 85' lang='lat' dir='ltr'>ern</span> <span class='ocrx_word' id='word_1_307' title='bbox 584 2625 610 2662; x_wconf 79' lang='lat' dir='ltr'>rr</span> <span class='ocrx_word' id='word_1_308' title='bbox 626 2626 644 2663; x_wconf 87' lang='lat' dir='ltr'>e</span> <span class='ocrx_word' id='word_1_309' title='bbox 662 2626 680 2663; x_wconf 91' lang='lat' dir='ltr'>o·</span> <span class='ocrx_word' id='word_1_310' title='bbox 708 2627 749 2664; x_wconf 79' lang='lat' dir='ltr'>ren</span> <span class='ocrx_word' id='word_1_311' title='bbox 777 2626 825 2665; x_wconf 79' lang='lat' dir='ltr'>oea</span> <span class='ocrx_word' id='word_1_312' title='bbox 914 2626 961 2664; x_wconf 80' lang='lat' dir='ltr'>ves</span> <span class='ocrx_word' id='word_1_313' title='bbox 991 2625 1027 2663; x_wconf 88' lang='lat' dir='ltr'>nr.</span> <span class='ocrx_word' id='word_1_314' title='bbox 1076 2626 1145 2664; x_wconf 83' lang='lat' dir='ltr'>ax..</span> <span class='ocrx_word' id='word_1_315' title='bbox 1174 2626 1234 2664; x_wconf 77' lang='lat' dir='ltr'>aas.</span> <span class='ocrx_word' id='word_1_316' title='bbox 1280 2625 1347 2663; x_wconf 88' lang='lat' dir='ltr'>rem.</span> <span class='ocrx_word' id='word_1_317' title='bbox 1404 2623 1430 2661; x_wconf 87' lang='lat' dir='ltr'>x.</span> <span class='ocrx_word' id='word_1_318' title='bbox 1464 2649 1470 2661; x_wconf 94' lang='lat'>.</span> <span class='ocrx_word' id='word_1_319' title='bbox 1524 2648 1530 2661; x_wconf 92' lang='lat'>.</span> 
     </span>
     <span class='ocr_line' id='line_1_32' title="bbox 223 2627 1560 2757; baseline -0.003 -17"><span class='ocrx_word' id='word_1_320' title='bbox 223 2681 310 2740; x_wconf 90' lang='lat' dir='ltr'>nostri</span> <span class='ocrx_word' id='word_1_321' title='bbox 331 2681 412 2740; x_wconf 89' lang='lat' dir='ltr'>liberi</span> <span class='ocrx_word' id='word_1_322' title='bbox 432 2681 527 2757; x_wconf 86' lang='lat' dir='ltr'>grallis</span> <span class='ocrx_word' id='word_1_323' title='bbox 547 2627 710 2757; x_wconf 83' lang='lat' dir='ltr'>glacialibiis</span> <span class='ocrx_word' id='word_1_324' title='bbox 724 2651 841 2742; x_wconf 77' lang='lat' dir='ltr'>curruni</span> <span class='ocrx_word' id='word_1_325' title='bbox 876 2683 981 2752; x_wconf 72' lang='lat' dir='ltr'>bisen,</span> <span class='ocrx_word' id='word_1_326' title='bbox 1001 2683 1171 2752; x_wconf 77' lang='lat' dir='ltr'>educendo,</span> <span class='ocrx_word' id='word_1_327' title='bbox 1190 2682 1340 2753; x_wconf 86' lang='lat' dir='ltr'>trahendo,</span> <span class='ocrx_word' id='word_1_328' title='bbox 1355 2680 1530 2738; x_wconf 86' lang='lat' dir='ltr'>extendendo</span> <span class='ocrx_word' id='word_1_329' title='bbox 1555 2698 1560 2707; x_wconf 92' lang='lat'><em>·</em></span> 
     </span>
     <span class='ocr_line' id='line_1_33' title="bbox 223 2757 1585 2837; baseline -0.003 -21"><span class='ocrx_word' id='word_1_330' title='bbox 223 2758 295 2816; x_wconf 88' lang='lat' dir='ltr'>uniti</span> <span class='ocrx_word' id='word_1_331' title='bbox 321 2758 350 2814; x_wconf 90' lang='lat' dir='ltr'>in</span> <span class='ocrx_word' id='word_1_332' title='bbox 378 2757 475 2816; x_wconf 72' lang='lat' dir='ltr'>elidem</span> <span class='ocrx_word' id='word_1_333' title='bbox 501 2759 607 2817; x_wconf 85' lang='lat' dir='ltr'>semita.</span> <span class='ocrx_word' id='word_1_334' title='bbox 632 2792 672 2805; x_wconf 92' lang='lat'><em>-</em></span> <span class='ocrx_word' id='word_1_335' title='bbox 690 2760 839 2837; x_wconf 85' lang='lat' dir='ltr'>Figurate,</span> <span class='ocrx_word' id='word_1_336' title='bbox 913 2759 1016 2819; x_wconf 88' lang='lat' dir='ltr'>dieitur</span> <span class='ocrx_word' id='word_1_337' title='bbox 1039 2767 1075 2817; x_wconf 85' lang='lat' dir='ltr'>et</span> <span class='ocrx_word' id='word_1_338' title='bbox 1108 2759 1226 2837; x_wconf 85' lang='lat' dir='ltr'>quadrat</span> <span class='ocrx_word' id='word_1_339' title='bbox 1259 2778 1323 2817; x_wconf 90' lang='lat' dir='ltr'>eum</span> <span class='ocrx_word' id='word_1_340' title='bbox 1360 2758 1420 2816; x_wconf 81' lang='lat' dir='ltr'>Lat.</span> <span class='ocrx_word' id='word_1_341' title='bbox 1441 2757 1530 2831; x_wconf 70' lang='lat' dir='ltr'>sarab.</span> <span class='ocrx_word' id='word_1_342' title='bbox 1583 2789 1585 2792; x_wconf 56' lang='lat'>&gt;</span> 
     </span>
     <span class='ocr_line' id='line_1_34' title="bbox 224 2835 1382 2913; baseline -0.002 -21"><span class='ocrx_word' id='word_1_343' title='bbox 224 2837 286 2892; x_wconf 85' lang='lat' dir='ltr'>Dou</span> <span class='ocrx_word' id='word_1_344' title='bbox 311 2836 376 2891; x_wconf 77' lang='lat' dir='ltr'>diste</span> <span class='ocrx_word' id='word_1_345' title='bbox 401 2836 438 2892; x_wconf 83' lang='lat' dir='ltr'>let</span> <span class='ocrx_word' id='word_1_346' title='bbox 459 2856 498 2911; x_wconf 80' lang='lat' dir='ltr'>yn</span> <span class='ocrx_word' id='word_1_347' title='bbox 524 2835 547 2893; x_wconf 85' lang='lat' dir='ltr'>’e</span> <span class='ocrx_word' id='word_1_348' title='bbox 571 2836 649 2906; x_wconf 68' lang='lat' dir='ltr'>been,</span> <span class='ocrx_word' id='word_1_349' title='bbox 676 2856 736 2895; x_wconf 92' lang='lat' dir='ltr'>sero</span> <span class='ocrx_word' id='word_1_350' title='bbox 766 2837 839 2913; x_wconf 86' lang='lat' dir='ltr'>agis,</span> <span class='ocrx_word' id='word_1_351' title='bbox 914 2837 1016 2895; x_wconf 83' lang='lat' dir='ltr'>Confer</span> <span class='ocrx_word' id='word_1_352' title='bbox 1037 2837 1205 2894; x_wconf 89' lang='lat' dir='ltr'>Grimmium</span> <span class='ocrx_word' id='word_1_353' title='bbox 1225 2835 1287 2892; x_wconf 86' lang='lat' dir='ltr'>Wb.</span> <span class='ocrx_word' id='word_1_354' title='bbox 1307 2836 1382 2891; x_wconf 79' lang='lat' dir='ltr'>belm.</span> 
     </span>
     <span class='ocr_line' id='line_1_35' title="bbox 224 2909 1531 2990; baseline 0 -23"><span class='ocrx_word' id='word_1_355' title='bbox 224 2910 335 2968; x_wconf 88' lang='lat' dir='ltr'>labente</span> <span class='ocrx_word' id='word_1_356' title='bbox 352 2912 410 2985; x_wconf 90' lang='lat' dir='ltr'>jam</span> <span class='ocrx_word' id='word_1_357' title='bbox 430 2911 489 2982; x_wconf 92' lang='lat' dir='ltr'>die,</span> <span class='ocrx_word' id='word_1_358' title='bbox 509 2912 554 2969; x_wconf 86' lang='lat' dir='ltr'>vel</span> <span class='ocrx_word' id='word_1_359' title='bbox 575 2913 640 2970; x_wconf 89' lang='lat' dir='ltr'>durn</span> <span class='ocrx_word' id='word_1_360' title='bbox 664 2913 840 2990; x_wconf 86' lang='lat' dir='ltr'>vesperascit.</span> <span class='ocrx_word' id='word_1_361' title='bbox 875 2913 990 2982; x_wconf 79' lang='lat' dir='ltr'>BAllR,</span> <span class='ocrx_word' id='word_1_362' title='bbox 1008 2913 1062 2988; x_wconf 88' lang='lat' dir='ltr'>adj.</span> <span class='ocrx_word' id='word_1_363' title='bbox 1072 2913 1176 2982; x_wconf 90' lang='lat' dir='ltr'>nudus,</span> <span class='ocrx_word' id='word_1_364' title='bbox 1194 2931 1293 2989; x_wconf 89' lang='lat' dir='ltr'>purus,</span> <span class='ocrx_word' id='word_1_365' title='bbox 1310 2911 1370 2968; x_wconf 89' lang='lat' dir='ltr'>sine</span> <span class='ocrx_word' id='word_1_366' title='bbox 1410 2909 1531 2979; x_wconf 86' lang='lat' dir='ltr'>ixtione,</span> 
     </span>
     <span class='ocr_line' id='line_1_36' title="bbox 225 2986 1531 3065; baseline -0.002 -21"><span class='ocrx_word' id='word_1_367' title='bbox 225 2989 270 3044; x_wconf 85' lang='lat' dir='ltr'>Ier</span> <span class='ocrx_word' id='word_1_368' title='bbox 299 3008 336 3062; x_wconf 74' lang='lat' dir='ltr'>yn</span> <span class='ocrx_word' id='word_1_369' title='bbox 364 2987 387 3044; x_wconf 87' lang='lat' dir='ltr'>&#39;e</span> <span class='ocrx_word' id='word_1_370' title='bbox 412 2989 477 3045; x_wconf 79' lang='lat' dir='ltr'>taen</span> <span class='ocrx_word' id='word_1_371' title='bbox 500 2994 527 3045; x_wconf 91' lang='lat' dir='ltr'>et</span> <span class='ocrx_word' id='word_1_372' title='bbox 553 3008 586 3064; x_wconf 87' lang='lat' dir='ltr'>op</span> <span class='ocrx_word' id='word_1_373' title='bbox 612 2989 641 3046; x_wconf 81' lang='lat' dir='ltr'>di</span> <span class='ocrx_word' id='word_1_374' title='bbox 663 2990 728 3047; x_wconf 76' lang='lat' dir='ltr'>daea</span> <span class='ocrx_word' id='word_1_375' title='bbox 754 2995 782 3048; x_wconf 93' lang='lat' dir='ltr'>et</span> <span class='ocrx_word' id='word_1_376' title='bbox 806 3009 860 3064; x_wconf 79' lang='lat' dir='ltr'>op·</span> <span class='ocrx_word' id='word_1_377' title='bbox 914 2990 979 3065; x_wconf 83' lang='lat' dir='ltr'>Ags.</span> <span class='ocrx_word' id='word_1_378' title='bbox 999 2990 1064 3058; x_wconf 76' lang='lat' dir='ltr'>beer,</span> <span class='ocrx_word' id='word_1_379' title='bbox 1090 2989 1155 3046; x_wconf 75' lang='lat' dir='ltr'>nv.</span> <span class='ocrx_word' id='word_1_380' title='bbox 1175 2989 1236 3057; x_wconf 81' lang='lat' dir='ltr'>der,</span> <span class='ocrx_word' id='word_1_381' title='bbox 1260 2987 1367 3061; x_wconf 79' lang='lat' dir='ltr'>Angb</span> <span class='ocrx_word' id='word_1_382' title='bbox 1401 3006 1429 3055; x_wconf 72' lang='lat' dir='ltr'>o,</span> <span class='ocrx_word' id='word_1_383' title='bbox 1449 2986 1531 3059; x_wconf 69' lang='lat' dir='ltr'>(ber).</span> 
     </span>
     <span class='ocr_line' id='line_1_37' title="bbox 224 3062 1531 3152; baseline -0.001 -32"><span class='ocrx_word' id='word_1_384' title='bbox 224 3065 300 3132; x_wconf 75' lang='lat' dir='ltr'>tueri,</span> <span class='ocrx_word' id='word_1_385' title='bbox 321 3064 411 3152; x_wconf 89' lang='lat' dir='ltr'>primo</span> <span class='ocrx_word' id='word_1_386' title='bbox 432 3064 555 3122; x_wconf 88' lang='lat' dir='ltr'>diluculo</span> <span class='ocrx_word' id='word_1_387' title='bbox 576 3085 687 3123; x_wconf 88' lang='lat' dir='ltr'>movere</span> <span class='ocrx_word' id='word_1_388' title='bbox 706 3066 813 3142; x_wconf 88' lang='lat' dir='ltr'>incipit.</span> <span class='ocrx_word' id='word_1_389' title='bbox 913 3065 944 3122; x_wconf 92' lang='lat' dir='ltr'>F.</span> <span class='ocrx_word' id='word_1_390' title='bbox 953 3084 977 3121; x_wconf 92' lang='lat' dir='ltr'>v.</span> <span class='ocrx_word' id='word_1_391' title='bbox 1010 3066 1111 3139; x_wconf 72' lang='lat' dir='ltr'>deeset,</span> <span class='ocrx_word' id='word_1_392' title='bbox 1146 3064 1228 3121; x_wconf 89' lang='lat' dir='ltr'>nudis</span> <span class='ocrx_word' id='word_1_393' title='bbox 1261 3062 1395 3139; x_wconf 83' lang='lat' dir='ltr'>pedibns3</span> <span class='ocrx_word' id='word_1_394' title='bbox 1434 3063 1531 3120; x_wconf 85' lang='lat' dir='ltr'>Saterl.</span> 
     </span>
     <span class='ocr_line' id='line_1_38' title="bbox 263 3139 1532 3216; baseline 0 -20"><span class='ocrx_word' id='word_1_395' title='bbox 263 3139 359 3197; x_wconf 84' lang='lat' dir='ltr'>Frisiis</span> <span class='ocrx_word' id='word_1_396' title='bbox 392 3140 449 3197; x_wconf 88' lang='lat' dir='ltr'>vita</span> <span class='ocrx_word' id='word_1_397' title='bbox 482 3141 601 3199; x_wconf 91' lang='lat' dir='ltr'>hominis</span> <span class='ocrx_word' id='word_1_398' title='bbox 631 3148 672 3199; x_wconf 90' lang='lat' dir='ltr'>est</span> <span class='ocrx_word' id='word_1_399' title='bbox 701 3150 841 3201; x_wconf 85' lang='lat' dir='ltr'>certarnen</span> <span class='ocrx_word' id='word_1_400' title='bbox 913 3142 962 3197; x_wconf 72' lang='lat' dir='ltr'>hdr</span> <span class='ocrx_word' id='word_1_401' title='bbox 978 3145 1031 3211; x_wconf 80' lang='lat' dir='ltr'>ou,</span> <span class='ocrx_word' id='word_1_402' title='bbox 1050 3143 1118 3216; x_wconf 88' lang='lat' dir='ltr'>Ags.</span> <span class='ocrx_word' id='word_1_403' title='bbox 1136 3142 1244 3216; x_wconf 82' lang='lat' dir='ltr'>daersot,</span> <span class='ocrx_word' id='word_1_404' title='bbox 1265 3141 1337 3215; x_wconf 79' lang='lat' dir='ltr'>hag.</span> <span class='ocrx_word' id='word_1_405' title='bbox 1350 3141 1478 3213; x_wconf 82' lang='lat' dir='ltr'>baresoot.</span> <span class='ocrx_word' id='word_1_406' title='bbox 1493 3171 1532 3183; x_wconf 84' lang='lat'>-</span> 
     </span>
     <span class='ocr_line' id='line_1_39' title="bbox 224 3216 1531 3293; baseline -0.002 -18"><span class='ocrx_word' id='word_1_407' title='bbox 224 3216 401 3285; x_wconf 87' lang='lat' dir='ltr'>continuum,</span> <span class='ocrx_word' id='word_1_408' title='bbox 422 3236 539 3293; x_wconf 89' lang='lat' dir='ltr'>eamque</span> <span class='ocrx_word' id='word_1_409' title='bbox 553 3218 592 3275; x_wconf 92' lang='lat' dir='ltr'>sio</span> <span class='ocrx_word' id='word_1_410' title='bbox 606 3219 714 3277; x_wconf 89' lang='lat' dir='ltr'>colunt:</span> <span class='ocrx_word' id='word_1_411' title='bbox 736 3221 802 3277; x_wconf 84' lang='lat' dir='ltr'>Daer</span> <span class='ocrx_word' id='word_1_412' title='bbox 815 3221 840 3277; x_wconf 78' lang='lat' dir='ltr'>ie</span> <span class='ocrx_word' id='word_1_413' title='bbox 914 3220 984 3274; x_wconf 84' lang='lat' dir='ltr'>Neet</span> <span class='ocrx_word' id='word_1_414' title='bbox 1012 3237 1042 3274; x_wconf 84' lang='lat' dir='ltr'>as</span> <span class='ocrx_word' id='word_1_415' title='bbox 1071 3218 1124 3292; x_wconf 80' lang='lat' dir='ltr'>lost</span> <span class='ocrx_word' id='word_1_416' title='bbox 1152 3217 1201 3274; x_wconf 79' lang='lat' dir='ltr'>ind</span> <span class='ocrx_word' id='word_1_417' title='bbox 1217 3217 1291 3290; x_wconf 60' lang='lat' dir='ltr'>⁴bure</span> <span class='ocrx_word' id='word_1_418' title='bbox 1318 3216 1375 3284; x_wconf 59' lang='grc' dir='ltr'>εἶα,</span> <span class='ocrx_word' id='word_1_419' title='bbox 1405 3216 1446 3273; x_wconf 93' lang='lat' dir='ltr'>nil</span> <span class='ocrx_word' id='word_1_420' title='bbox 1478 3216 1531 3273; x_wconf 89' lang='lat' dir='ltr'>nisi</span> 
     </span>
     <span class='ocr_line' id='line_1_40' title="bbox 224 3291 1532 3371; baseline -0.004 -19"><span class='ocrx_word' id='word_1_421' title='bbox 224 3295 272 3352; x_wconf 84' lang='lat' dir='ltr'>nin</span> <span class='ocrx_word' id='word_1_422' title='bbox 292 3291 333 3349; x_wconf 80' lang='lat' dir='ltr'>tid</span> <span class='ocrx_word' id='word_1_423' title='bbox 349 3292 445 3350; x_wconf 67' lang='lat' dir='ltr'>eander</span> <span class='ocrx_word' id='word_1_424' title='bbox 464 3293 546 3364; x_wconf 69' lang='lat' dir='ltr'>ataid,</span> <span class='ocrx_word' id='word_1_425' title='bbox 566 3295 675 3352; x_wconf 90' lang='lat' dir='ltr'>nullum</span> <span class='ocrx_word' id='word_1_426' title='bbox 694 3296 759 3353; x_wconf 78' lang='lat' dir='ltr'>vitae</span> <span class='ocrx_word' id='word_1_427' title='bbox 772 3302 841 3352; x_wconf 89' lang='lat' dir='ltr'>tem·</span> <span class='ocrx_word' id='word_1_428' title='bbox 913 3300 1016 3370; x_wconf 90' lang='lat' dir='ltr'>pontus</span> <span class='ocrx_word' id='word_1_429' title='bbox 1043 3299 1071 3351; x_wconf 89' lang='lat' dir='ltr'>et</span> <span class='ocrx_word' id='word_1_430' title='bbox 1094 3294 1186 3351; x_wconf 82' lang='lat' dir='ltr'>aether.</span> <span class='ocrx_word' id='word_1_431' title='bbox 1225 3294 1265 3350; x_wconf 83' lang='lat' dir='ltr'>Di</span> <span class='ocrx_word' id='word_1_432' title='bbox 1285 3293 1348 3350; x_wconf 85' lang='lat' dir='ltr'>bere</span> <span class='ocrx_word' id='word_1_433' title='bbox 1366 3292 1424 3349; x_wconf 82' lang='lat' dir='ltr'>de‘e’</span> <span class='ocrx_word' id='word_1_434' title='bbox 1444 3293 1472 3349; x_wconf 79' lang='lat' dir='ltr'>ilc</span> <span class='ocrx_word' id='word_1_435' title='bbox 1491 3294 1532 3371; x_wconf 75' lang='lat' dir='ltr'>lp,</span> 
     </span>
     <span class='ocr_line' id='line_1_41' title="bbox 246 3369 1532 3448; baseline 0 -22"><span class='ocrx_word' id='word_1_436' title='bbox 246 3389 279 3427; x_wconf 91' lang='lat' dir='ltr'>us</span> <span class='ocrx_word' id='word_1_437' title='bbox 305 3369 410 3445; x_wconf 87' lang='lat' dir='ltr'>absque</span> <span class='ocrx_word' id='word_1_438' title='bbox 436 3370 595 3429; x_wconf 88' lang='lat' dir='ltr'>luctatione.</span> <span class='ocrx_word' id='word_1_439' title='bbox 635 3370 705 3429; x_wconf 92' lang='lat' dir='ltr'>Inde</span> <span class='ocrx_word' id='word_1_440' title='bbox 726 3371 840 3448; x_wconf 87' lang='lat' dir='ltr'>phrases</span> <span class='ocrx_word' id='word_1_441' title='bbox 914 3389 1006 3427; x_wconf 85' lang='lat' dir='ltr'>veram</span> <span class='ocrx_word' id='word_1_442' title='bbox 1026 3370 1112 3428; x_wconf 90' lang='lat' dir='ltr'>subeo</span> <span class='ocrx_word' id='word_1_443' title='bbox 1132 3375 1259 3428; x_wconf 89' lang='lat' dir='ltr'>mortem.</span> <span class='ocrx_word' id='word_1_444' title='bbox 1279 3403 1318 3414; x_wconf 90' lang='lat'>-</span> <span class='ocrx_word' id='word_1_445' title='bbox 1338 3369 1464 3429; x_wconf 89' lang='lat' dir='ltr'>Intendit</span> <span class='ocrx_word' id='word_1_446' title='bbox 1484 3390 1532 3427; x_wconf 92' lang='lat' dir='ltr'>no-</span> 
     </span>
     <span class='ocr_line' id='line_1_42' title="bbox 225 3391 1533 3524; baseline -0.002 -19"><span class='ocrx_word' id='word_1_447' title='bbox 225 3391 294 3505; x_wconf 70' lang='lat' dir='ltr'>heir</span> <span class='ocrx_word' id='word_1_448' title='bbox 311 3447 344 3503; x_wconf 77' lang='lat' dir='ltr'>iz</span> <span class='ocrx_word' id='word_1_449' title='bbox 360 3448 414 3519; x_wconf 81' lang='lat' dir='ltr'>sen</span> <span class='ocrx_word' id='word_1_450' title='bbox 440 3446 471 3504; x_wconf 83' lang='lat' dir='ltr'>di</span> <span class='ocrx_word' id='word_1_451' title='bbox 496 3448 575 3516; x_wconf 81' lang='lat' dir='ltr'>daea,</span> <span class='ocrx_word' id='word_1_452' title='bbox 602 3453 680 3523; x_wconf 87' lang='lat' dir='ltr'>pater</span> <span class='ocrx_word' id='word_1_453' title='bbox 703 3450 729 3520; x_wconf 94' lang='lat' dir='ltr'>(e</span> <span class='ocrx_word' id='word_1_454' title='bbox 749 3446 839 3505; x_wconf 88' lang='lat' dir='ltr'>stadio</span> <span class='ocrx_word' id='word_1_455' title='bbox 913 3447 1017 3504; x_wconf 91' lang='lat' dir='ltr'>tionem</span> <span class='ocrx_word' id='word_1_456' title='bbox 1033 3448 1121 3516; x_wconf 73' lang='lat' dir='ltr'>klear,</span> <span class='ocrx_word' id='word_1_457' title='bbox 1141 3466 1242 3524; x_wconf 89' lang='lat' dir='ltr'>purus,</span> <span class='ocrx_word' id='word_1_458' title='bbox 1262 3446 1404 3523; x_wconf 89' lang='lat' dir='ltr'>limpidus.</span> <span class='ocrx_word' id='word_1_459' title='bbox 1434 3447 1533 3503; x_wconf 72' lang='lat' dir='ltr'>Kleare</span> 
     </span>
     <span class='ocr_line' id='line_1_43' title="bbox 225 3523 1530 3600; baseline -0.002 -18"><span class='ocrx_word' id='word_1_460' title='bbox 225 3529 348 3582; x_wconf 88' lang='lat' dir='ltr'>remotus</span> <span class='ocrx_word' id='word_1_461' title='bbox 369 3530 410 3581; x_wconf 89' lang='lat' dir='ltr'>est</span> <span class='ocrx_word' id='word_1_462' title='bbox 429 3523 447 3580; x_wconf 93' lang='lat' dir='ltr'>i.</span> <span class='ocrx_word' id='word_1_463' title='bbox 467 3527 502 3598; x_wconf 84' lang='lat' dir='ltr'>e.)</span> <span class='ocrx_word' id='word_1_464' title='bbox 519 3529 636 3600; x_wconf 87' lang='lat' dir='ltr'>aegrotat</span> <span class='ocrx_word' id='word_1_465' title='bbox 648 3523 720 3581; x_wconf 92' lang='lat' dir='ltr'>lecto</span> <span class='ocrx_word' id='word_1_466' title='bbox 734 3525 840 3581; x_wconf 84' lang='lat' dir='ltr'>affixus.</span> <span class='ocrx_word' id='word_1_467' title='bbox 913 3523 1051 3596; x_wconf 82' lang='lat' dir='ltr'>barejild,</span> <span class='ocrx_word' id='word_1_468' title='bbox 1071 3524 1140 3582; x_wconf 91' lang='lat' dir='ltr'>nihil</span> <span class='ocrx_word' id='word_1_469' title='bbox 1154 3530 1254 3600; x_wconf 85' lang='lat' dir='ltr'>praeter</span> <span class='ocrx_word' id='word_1_470' title='bbox 1269 3530 1380 3600; x_wconf 86' lang='lat' dir='ltr'>paratos</span> <span class='ocrx_word' id='word_1_471' title='bbox 1393 3541 1530 3580; x_wconf 87' lang='lat' dir='ltr'>nummos.</span> 
     </span>
     <span class='ocr_line' id='line_1_44' title="bbox 224 3599 1531 3674; baseline -0.002 -16"><span class='ocrx_word' id='word_1_472' title='bbox 224 3601 292 3658; x_wconf 82' lang='lat' dir='ltr'>Heit</span> <span class='ocrx_word' id='word_1_473' title='bbox 310 3601 335 3656; x_wconf 80' lang='lat' dir='ltr'>iz</span> <span class='ocrx_word' id='word_1_474' title='bbox 353 3618 406 3656; x_wconf 78' lang='lat' dir='ltr'>acer</span> <span class='ocrx_word' id='word_1_475' title='bbox 426 3619 459 3674; x_wconf 83' lang='lat' dir='ltr'>op</span> <span class='ocrx_word' id='word_1_476' title='bbox 474 3600 501 3657; x_wconf 84' lang='lat' dir='ltr'>’n</span> <span class='ocrx_word' id='word_1_477' title='bbox 514 3601 592 3670; x_wconf 82' lang='lat' dir='ltr'>boen,</span> <span class='ocrx_word' id='word_1_478' title='bbox 612 3601 839 3658; x_wconf 86' lang='lat' dir='ltr'>reconvalescens</span> <span class='ocrx_word' id='word_1_479' title='bbox 914 3601 942 3656; x_wconf 79' lang='lat' dir='ltr'>It</span> <span class='ocrx_word' id='word_1_480' title='bbox 960 3601 1022 3657; x_wconf 81' lang='lat' dir='ltr'>bern</span> <span class='ocrx_word' id='word_1_481' title='bbox 1040 3601 1105 3657; x_wconf 80' lang='lat' dir='ltr'>roicr</span> <span class='ocrx_word' id='word_1_482' title='bbox 1123 3601 1211 3657; x_wconf 81' lang='lat' dir='ltr'>kleare</span> <span class='ocrx_word' id='word_1_483' title='bbox 1227 3601 1289 3657; x_wconf 82' lang='lat' dir='ltr'>bure</span> <span class='ocrx_word' id='word_1_484' title='bbox 1301 3599 1419 3667; x_wconf 74' lang='lat' dir='ltr'>midder,</span> <span class='ocrx_word' id='word_1_485' title='bbox 1440 3599 1531 3656; x_wconf 85' lang='lat' dir='ltr'>infans</span> 
     </span>
     <span class='ocr_line' id='line_1_45' title="bbox 224 3676 1533 3755; baseline -0.002 -22"><span class='ocrx_word' id='word_1_486' title='bbox 224 3683 305 3753; x_wconf 85' lang='lat' dir='ltr'>pater</span> <span class='ocrx_word' id='word_1_487' title='bbox 325 3676 428 3733; x_wconf 89' lang='lat' dir='ltr'>lectum</span> <span class='ocrx_word' id='word_1_488' title='bbox 448 3676 538 3752; x_wconf 85' lang='lat' dir='ltr'>liquit.</span> <span class='ocrx_word' id='word_1_489' title='bbox 912 3695 944 3732; x_wconf 92' lang='lat' dir='ltr'>se</span> <span class='ocrx_word' id='word_1_490' title='bbox 954 3681 1043 3733; x_wconf 90' lang='lat' dir='ltr'>totum</span> <span class='ocrx_word' id='word_1_491' title='bbox 1054 3682 1190 3755; x_wconf 89' lang='lat' dir='ltr'>qnantum</span> <span class='ocrx_word' id='word_1_492' title='bbox 1198 3680 1533 3754; x_wconf 85' lang='lat' dir='ltr'>conspureeverateoeuo.</span> 
     </span>
     <span class='ocr_line' id='line_1_46' title="bbox 263 3751 1532 3826; baseline -0.002 -18"><span class='ocrx_word' id='word_1_493' title='bbox 263 3752 346 3809; x_wconf 88' lang='lat' dir='ltr'>Prov.</span> <span class='ocrx_word' id='word_1_494' title='bbox 371 3754 411 3826; x_wconf 78' lang='lat' dir='ltr'>Dp</span> <span class='ocrx_word' id='word_1_495' title='bbox 421 3754 475 3825; x_wconf 83' lang='lat' dir='ltr'>fen</span> <span class='ocrx_word' id='word_1_496' title='bbox 494 3751 517 3810; x_wconf 86' lang='lat' dir='ltr'>&#39;e</span> <span class='ocrx_word' id='word_1_497' title='bbox 536 3753 599 3810; x_wconf 77' lang='lat' dir='ltr'>brien</span> <span class='ocrx_word' id='word_1_498' title='bbox 619 3753 642 3810; x_wconf 74' lang='lat' dir='ltr'>ie</span> <span class='ocrx_word' id='word_1_499' title='bbox 662 3755 734 3811; x_wconf 79' lang='lat' dir='ltr'>komt</span> <span class='ocrx_word' id='word_1_500' title='bbox 747 3771 776 3810; x_wconf 81' lang='lat' dir='ltr'>er</span> <span class='ocrx_word' id='word_1_501' title='bbox 789 3753 860 3811; x_wconf 60' lang='lat' dir='ltr'>md.</span> <span class='ocrx_word' id='word_1_502' title='bbox 951 3752 1023 3810; x_wconf 86' lang='lat' dir='ltr'>Adv.</span> <span class='ocrx_word' id='word_1_503' title='bbox 1061 3752 1149 3810; x_wconf 88' lang='lat' dir='ltr'>valde.</span> <span class='ocrx_word' id='word_1_504' title='bbox 1201 3754 1276 3811; x_wconf 85' lang='lat' dir='ltr'>Bere</span> <span class='ocrx_word' id='word_1_505' title='bbox 1310 3753 1393 3819; x_wconf 82' lang='lat' dir='ltr'>meai,</span> <span class='ocrx_word' id='word_1_506' title='bbox 1432 3751 1532 3808; x_wconf 86' lang='lat' dir='ltr'>eximie</span> 
     </span>
     <span class='ocr_line' id='line_1_47' title="bbox 225 3816 1531 3925; baseline 0 -40"><span class='ocrx_word' id='word_1_507' title='bbox 225 3832 289 3885; x_wconf 72' lang='lat' dir='ltr'>ree-rt</span> <span class='ocrx_word' id='word_1_508' title='bbox 313 3828 362 3884; x_wconf 75' lang='lat' dir='ltr'>ind</span> <span class='ocrx_word' id='word_1_509' title='bbox 377 3830 490 3901; x_wconf 79' lang='lat' dir='ltr'>saeatjen</span> <span class='ocrx_word' id='word_1_510' title='bbox 508 3830 587 3900; x_wconf 73' lang='lat' dir='ltr'>jumi·</span> <span class='ocrx_word' id='word_1_511' title='bbox 608 3848 661 3886; x_wconf 82' lang='lat' dir='ltr'>wer</span> <span class='ocrx_word' id='word_1_512' title='bbox 680 3849 728 3905; x_wconf 82' lang='lat' dir='ltr'>op,</span> <span class='ocrx_word' id='word_1_513' title='bbox 754 3816 860 3925; x_wconf 64' lang='lat' dir='ltr'>abeli-l</span> <span class='ocrx_word' id='word_1_514' title='bbox 913 3829 1036 3909; x_wconf 91' lang='lat' dir='ltr'>pulcher.</span> <span class='ocrx_word' id='word_1_515' title='bbox 1088 3830 1163 3887; x_wconf 82' lang='lat' dir='ltr'>Bere</span> <span class='ocrx_word' id='word_1_516' title='bbox 1192 3830 1270 3899; x_wconf 71' lang='lat' dir='ltr'>eald,</span> <span class='ocrx_word' id='word_1_517' title='bbox 1303 3849 1375 3887; x_wconf 80' lang='lat' dir='ltr'>soere</span> <span class='ocrx_word' id='word_1_518' title='bbox 1405 3826 1531 3902; x_wconf 75' lang='lat' dir='ltr'>frigidus.</span> 
     </span>
     <span class='ocr_line' id='line_1_48' title="bbox 225 3903 1284 3995; baseline 0 -33"><span class='ocrx_word' id='word_1_519' title='bbox 225 3903 319 3962; x_wconf 89' lang='lat' dir='ltr'>nentia</span> <span class='ocrx_word' id='word_1_520' title='bbox 330 3912 358 3961; x_wconf 91' lang='lat' dir='ltr'>et</span> <span class='ocrx_word' id='word_1_521' title='bbox 368 3904 461 3979; x_wconf 91' lang='lat' dir='ltr'>quiete</span> <span class='ocrx_word' id='word_1_522' title='bbox 469 3905 549 3962; x_wconf 89' lang='lat' dir='ltr'>multi</span> <span class='ocrx_word' id='word_1_523' title='bbox 556 3912 688 3963; x_wconf 90' lang='lat' dir='ltr'>curantur</span> <span class='ocrx_word' id='word_1_524' title='bbox 696 3904 784 3963; x_wconf 91' lang='lat' dir='ltr'>morbi</span> <span class='ocrx_word' id='word_1_525' title='bbox 800 3937 839 3950; x_wconf 96' lang='lat'><em>-</em></span> <span class='ocrx_word' id='word_1_526' title='bbox 857 3936 859 3973; x_wconf 68' lang='grc' dir='ltr'>Ι</span> <span class='ocrx_word' id='word_1_527' title='bbox 912 3908 987 3965; x_wconf 83' lang='lat' dir='ltr'>Bure</span> <span class='ocrx_word' id='word_1_528' title='bbox 1006 3908 1085 3982; x_wconf 74' lang='lat' dir='ltr'>brplc,</span> <span class='ocrx_word' id='word_1_529' title='bbox 1106 3912 1284 3995; x_wconf 61' lang='lat' dir='ltr'>praepostere.</span> 
     </span>
     <span class='ocr_line' id='line_1_49' title="bbox 226 3976 1532 4059; baseline -0.002 -19"><span class='ocrx_word' id='word_1_530' title='bbox 226 3984 291 4040; x_wconf 80' lang='lat' dir='ltr'>Meu</span> <span class='ocrx_word' id='word_1_531' title='bbox 318 3985 399 4038; x_wconf 68' lang='lat' dir='ltr'>veerte</span> <span class='ocrx_word' id='word_1_532' title='bbox 417 3982 469 4038; x_wconf 81' lang='lat' dir='ltr'>mei</span> <span class='ocrx_word' id='word_1_533' title='bbox 487 3982 533 4039; x_wconf 81' lang='lat' dir='ltr'>nin</span> <span class='ocrx_word' id='word_1_534' title='bbox 553 3983 685 4057; x_wconf 71' lang='lat' dir='ltr'>dswaeide</span> <span class='ocrx_word' id='word_1_535' title='bbox 699 3982 840 4057; x_wconf 81' lang='lat' dir='ltr'>prcr&#39;ettajee</span> <span class='ocrx_word' id='word_1_536' title='bbox 857 3976 859 4025; x_wconf 81' lang='lat' dir='ltr'>l</span> <span class='ocrx_word' id='word_1_537' title='bbox 874 3983 1042 4059; x_wconf 87' lang='lat' dir='ltr'>baerlyk,</span> <span class='ocrx_word' id='word_1_538' title='bbox 1068 3983 1121 4057; x_wconf 72' lang='lat' dir='ltr'>adj.</span> <span class='ocrx_word' id='word_1_539' title='bbox 1141 3982 1310 4040; x_wconf 89' lang='lat' dir='ltr'>manifestus.</span> <span class='ocrx_word' id='word_1_540' title='bbox 1350 3982 1408 4038; x_wconf 85' lang='lat' dir='ltr'>Dat</span> <span class='ocrx_word' id='word_1_541' title='bbox 1428 3981 1493 4054; x_wconf 85' lang='lat' dir='ltr'>wiis</span> <span class='ocrx_word' id='word_1_542' title='bbox 1508 3983 1532 4038; x_wconf 77' lang='lat' dir='ltr'>ie</span> 
     </span>
     <span class='ocr_line' id='line_1_50' title="bbox 225 4030 1530 4145; baseline -0.002 -28"><span class='ocrx_word' id='word_1_543' title='bbox 225 4078 258 4134; x_wconf 83' lang='lat' dir='ltr'>op</span> <span class='ocrx_word' id='word_1_544' title='bbox 284 4058 310 4114; x_wconf 77' lang='lat' dir='ltr'>’a</span> <span class='ocrx_word' id='word_1_545' title='bbox 336 4057 400 4115; x_wconf 74' lang='lat' dir='ltr'>trien</span> <span class='ocrx_word' id='word_1_546' title='bbox 423 4060 533 4129; x_wconf 84' lang='lat' dir='ltr'>komrue,</span> <span class='ocrx_word' id='word_1_547' title='bbox 559 4079 595 4116; x_wconf 93' lang='lat' dir='ltr'>ne</span> <span class='ocrx_word' id='word_1_548' title='bbox 615 4059 736 4135; x_wconf 87' lang='lat' dir='ltr'>insipida</span> <span class='ocrx_word' id='word_1_549' title='bbox 757 4030 860 4145; x_wconf 74' lang='lat' dir='ltr'>verbal</span> <span class='ocrx_word' id='word_1_550' title='bbox 912 4059 942 4117; x_wconf 82' lang='lat' dir='ltr'>di</span> <span class='ocrx_word' id='word_1_551' title='bbox 970 4060 1085 4117; x_wconf 81' lang='lat' dir='ltr'>daerlilce</span> <span class='ocrx_word' id='word_1_552' title='bbox 1114 4059 1202 4127; x_wconf 76' lang='lat' dir='ltr'>diwel,</span> <span class='ocrx_word' id='word_1_553' title='bbox 1232 4059 1322 4116; x_wconf 75' lang='lat' dir='ltr'>hacce</span> <span class='ocrx_word' id='word_1_554' title='bbox 1350 4058 1450 4115; x_wconf 89' lang='lat' dir='ltr'>mulier</span> <span class='ocrx_word' id='word_1_555' title='bbox 1477 4061 1530 4132; x_wconf 82' lang='lat' dir='ltr'>(est</span> 
     </span>
     <span class='ocr_line' id='line_1_51' title="bbox 225 4135 1531 4213; baseline -0.001 -20"><span class='ocrx_word' id='word_1_556' title='bbox 225 4135 358 4213; x_wconf 78' lang='lat' dir='ltr'>proferes,</span> <span class='ocrx_word' id='word_1_557' title='bbox 857 4166 859 4179; x_wconf 80' lang='lat'><em>=</em></span> <span class='ocrx_word' id='word_1_558' title='bbox 912 4135 1075 4194; x_wconf 74' lang='lat' dir='ltr'>manifestus</span> <span class='ocrx_word' id='word_1_559' title='bbox 1088 4140 1212 4204; x_wconf 84' lang='lat' dir='ltr'>satanas,</span> <span class='ocrx_word' id='word_1_560' title='bbox 1232 4135 1249 4192; x_wconf 90' lang='lat' dir='ltr'>i.</span> <span class='ocrx_word' id='word_1_561' title='bbox 1265 4138 1300 4207; x_wconf 88' lang='lat' dir='ltr'>e.)</span> <span class='ocrx_word' id='word_1_562' title='bbox 1315 4135 1453 4207; x_wconf 74' lang='lat' dir='ltr'>furiarum</span> <span class='ocrx_word' id='word_1_563' title='bbox 1467 4154 1531 4192; x_wconf 83' lang='lat' dir='ltr'>una.</span> 
     </span>
    </p>

    <p class='ocr_par' dir='ltr' id='par_1_19' title="bbox 186 4211 1531 4365">
     <span class='ocr_line' id='line_1_52' title="bbox 186 4211 1531 4290; baseline -0.003 -18"><span class='ocrx_word' id='word_1_564' title='bbox 186 4211 394 4288; x_wconf 68' lang='lat' dir='ltr'>bien-sepe,</span> <span class='ocrx_word' id='word_1_565' title='bbox 408 4212 485 4272; x_wconf 89' lang='lat' dir='ltr'>vb.n.</span> <span class='ocrx_word' id='word_1_566' title='bbox 500 4213 529 4270; x_wconf 89' lang='lat' dir='ltr'>in</span> <span class='ocrx_word' id='word_1_567' title='bbox 542 4213 631 4289; x_wconf 90' lang='lat' dir='ltr'>glacie</span> <span class='ocrx_word' id='word_1_568' title='bbox 645 4212 751 4290; x_wconf 83' lang='lat' dir='ltr'>aperire</span> <span class='ocrx_word' id='word_1_569' title='bbox 767 4213 839 4271; x_wconf 90' lang='lat' dir='ltr'>viam</span> <span class='ocrx_word' id='word_1_570' title='bbox 913 4213 979 4285; x_wconf 87' lang='lat' dir='ltr'>Ags.</span> <span class='ocrx_word' id='word_1_571' title='bbox 1013 4214 1129 4281; x_wconf 74' lang='lat' dir='ltr'>tertiae,</span> <span class='ocrx_word' id='word_1_572' title='bbox 1165 4211 1227 4270; x_wconf 85' lang='lat' dir='ltr'>adv.</span> <span class='ocrx_word' id='word_1_573' title='bbox 1264 4211 1425 4281; x_wconf 81' lang='lat' dir='ltr'>manifeste,</span> <span class='ocrx_word' id='word_1_574' title='bbox 1460 4213 1531 4286; x_wconf 83' lang='lat' dir='ltr'>Ang.</span> 
     </span>
     <span class='ocr_line' id='line_1_53' title="bbox 225 4289 1010 4365; baseline 0.003 -19"><span class='ocrx_word' id='word_1_575' title='bbox 225 4289 377 4347; x_wconf 84' lang='lat' dir='ltr'>everrendo</span> <span class='ocrx_word' id='word_1_576' title='bbox 397 4289 483 4348; x_wconf 88' lang='lat' dir='ltr'>nives.</span> <span class='ocrx_word' id='word_1_577' title='bbox 784 4327 787 4333; x_wconf 90' lang='lat'><em>-</em></span> <span class='ocrx_word' id='word_1_578' title='bbox 913 4289 1010 4365; x_wconf 76' lang='lat' dir='ltr'>barely.</span> 
     </span>
    </p>

    <p class='ocr_par' dir='ltr' id='par_1_20' title="bbox 186 4364 1532 4609">
     <span class='ocr_line' id='line_1_54' title="bbox 186 4364 1532 4442; baseline -0.004 -18"><span class='ocrx_word' id='word_1_579' title='bbox 186 4366 329 4441; x_wconf 88' lang='lat' dir='ltr'>baenje,</span> <span class='ocrx_word' id='word_1_580' title='bbox 345 4366 422 4425; x_wconf 85' lang='lat' dir='ltr'>vbn.</span> <span class='ocrx_word' id='word_1_581' title='bbox 436 4366 519 4425; x_wconf 91' lang='lat' dir='ltr'>idem.</span> <span class='ocrx_word' id='word_1_582' title='bbox 542 4367 615 4442; x_wconf 86' lang='lat' dir='ltr'>Ang.</span> <span class='ocrx_word' id='word_1_583' title='bbox 628 4366 706 4424; x_wconf 90' lang='lat' dir='ltr'>Line.</span> <span class='ocrx_word' id='word_1_584' title='bbox 720 4371 746 4424; x_wconf 86' lang='lat' dir='ltr'>to</span> <span class='ocrx_word' id='word_1_585' title='bbox 759 4367 838 4436; x_wconf 81' lang='lat' dir='ltr'>boon,</span> <span class='ocrx_word' id='word_1_586' title='bbox 874 4366 990 4436; x_wconf 74' lang='lat' dir='ltr'>Banu,</span> <span class='ocrx_word' id='word_1_587' title='bbox 1016 4385 1057 4440; x_wconf 89' lang='lat' dir='ltr'>cg.</span> <span class='ocrx_word' id='word_1_588' title='bbox 1084 4365 1161 4423; x_wconf 88' lang='lat' dir='ltr'>unda</span> <span class='ocrx_word' id='word_1_589' title='bbox 1187 4366 1278 4424; x_wconf 90' lang='lat' dir='ltr'>maris.</span> <span class='ocrx_word' id='word_1_590' title='bbox 1305 4365 1342 4442; x_wconf 90' lang='lat' dir='ltr'>pl.</span> <span class='ocrx_word' id='word_1_591' title='bbox 1363 4365 1451 4423; x_wconf 79' lang='lat' dir='ltr'>berea.</span> <span class='ocrx_word' id='word_1_592' title='bbox 1492 4364 1532 4420; x_wconf 81' lang='lat' dir='ltr'>Di</span> 
     </span>
     <span class='ocr_line' id='line_1_55' title="bbox 225 4439 1532 4520; baseline -0.002 -22"><span class='ocrx_word' id='word_1_593' title='bbox 225 4449 254 4499; x_wconf 88' lang='lat' dir='ltr'>to</span> <span class='ocrx_word' id='word_1_594' title='bbox 281 4443 365 4500; x_wconf 89' lang='lat' dir='ltr'>mend</span> <span class='ocrx_word' id='word_1_595' title='bbox 390 4444 437 4501; x_wconf 90' lang='lat' dir='ltr'>the</span> <span class='ocrx_word' id='word_1_596' title='bbox 462 4444 610 4520; x_wconf 89' lang='lat' dir='ltr'>highways.</span> <span class='ocrx_word' id='word_1_597' title='bbox 650 4445 838 4512; x_wconf 81' lang='lat' dir='ltr'>Boenmaeter,</span> <span class='ocrx_word' id='word_1_598' title='bbox 912 4443 993 4500; x_wconf 79' lang='lat' dir='ltr'>baren</span> <span class='ocrx_word' id='word_1_599' title='bbox 1012 4445 1067 4516; x_wconf 80' lang='lat' dir='ltr'>serr</span> <span class='ocrx_word' id='word_1_600' title='bbox 1096 4442 1126 4500; x_wconf 77' lang='lat' dir='ltr'>di</span> <span class='ocrx_word' id='word_1_601' title='bbox 1154 4463 1213 4512; x_wconf 82' lang='lat' dir='ltr'>cea,</span> <span class='ocrx_word' id='word_1_602' title='bbox 1243 4443 1345 4501; x_wconf 88' lang='lat' dir='ltr'>fluctus</span> <span class='ocrx_word' id='word_1_603' title='bbox 1374 4441 1473 4509; x_wconf 88' lang='lat' dir='ltr'>maris;</span> <span class='ocrx_word' id='word_1_604' title='bbox 1503 4439 1532 4496; x_wconf 82' lang='lat' dir='ltr'>di</span> 
     </span>
     <span class='ocr_line' id='line_1_56' title="bbox 226 4515 1529 4609; baseline 0 -35"><span class='ocrx_word' id='word_1_605' title='bbox 226 4519 273 4575; x_wconf 88' lang='lat' dir='ltr'>the</span> <span class='ocrx_word' id='word_1_606' title='bbox 292 4537 426 4596; x_wconf 80' lang='lat' dir='ltr'>surreyor</span> <span class='ocrx_word' id='word_1_607' title='bbox 445 4521 488 4577; x_wconf 86' lang='lat' dir='ltr'>for</span> <span class='ocrx_word' id='word_1_608' title='bbox 508 4521 650 4609; x_wconf 90' lang='lat' dir='ltr'>repairing</span> <span class='ocrx_word' id='word_1_609' title='bbox 669 4521 715 4578; x_wconf 88' lang='lat' dir='ltr'>the</span> <span class='ocrx_word' id='word_1_610' title='bbox 736 4518 825 4578; x_wconf 87' lang='lat' dir='ltr'>reads.</span> <span class='ocrx_word' id='word_1_611' title='bbox 912 4521 1013 4594; x_wconf 66' lang='lat' dir='ltr'>elegen</span> <span class='ocrx_word' id='word_1_612' title='bbox 1037 4540 1074 4596; x_wconf 74' lang='lat' dir='ltr'>pn</span> <span class='ocrx_word' id='word_1_613' title='bbox 1100 4519 1123 4577; x_wconf 86' lang='lat' dir='ltr'>&#39;e</span> <span class='ocrx_word' id='word_1_614' title='bbox 1149 4539 1221 4588; x_wconf 81' lang='lat' dir='ltr'>mor,</span> <span class='ocrx_word' id='word_1_615' title='bbox 1247 4520 1331 4577; x_wconf 89' lang='lat' dir='ltr'>undae</span> <span class='ocrx_word' id='word_1_616' title='bbox 1355 4519 1441 4576; x_wconf 89' lang='lat' dir='ltr'>lacus.</span> <span class='ocrx_word' id='word_1_617' title='bbox 1481 4515 1529 4574; x_wconf 91' lang='lat' dir='ltr'>Isl.</span> 
     </span>
    </p>

    <p class='ocr_par' dir='ltr' id='par_1_21' title="bbox 187 4593 1531 4672">
     <span class='ocr_line' id='line_1_57' title="bbox 187 4593 1531 4672; baseline -0.001 -21"><span class='ocrx_word' id='word_1_618' title='bbox 187 4594 415 4670; x_wconf 71' lang='lat' dir='ltr'>been-seyer,</span> <span class='ocrx_word' id='word_1_619' title='bbox 436 4615 477 4672; x_wconf 90' lang='lat' dir='ltr'>cg.</span> <span class='ocrx_word' id='word_1_620' title='bbox 518 4617 547 4654; x_wconf 88' lang='lat' dir='ltr'>ur</span> <span class='ocrx_word' id='word_1_621' title='bbox 566 4597 668 4655; x_wconf 85' lang='lat' dir='ltr'>averrit</span> <span class='ocrx_word' id='word_1_622' title='bbox 686 4597 772 4654; x_wconf 86' lang='lat' dir='ltr'>nives.</span> <span class='ocrx_word' id='word_1_623' title='bbox 912 4595 989 4665; x_wconf 82' lang='lat' dir='ltr'>baro,</span> <span class='ocrx_word' id='word_1_624' title='bbox 1003 4596 1021 4654; x_wconf 86' lang='lat' dir='ltr'>f.</span> <span class='ocrx_word' id='word_1_625' title='bbox 1036 4595 1145 4654; x_wconf 89' lang='lat' dir='ltr'>fluetus.</span> <span class='ocrx_word' id='word_1_626' title='bbox 1165 4597 1195 4653; x_wconf 91' lang='lat' dir='ltr'>F.</span> <span class='ocrx_word' id='word_1_627' title='bbox 1209 4598 1301 4665; x_wconf 83' lang='lat' dir='ltr'>Bura,</span> <span class='ocrx_word' id='word_1_628' title='bbox 1320 4597 1392 4664; x_wconf 82' lang='lat' dir='ltr'>bere,</span> <span class='ocrx_word' id='word_1_629' title='bbox 1408 4593 1531 4651; x_wconf 91' lang='lat' dir='ltr'>baritum</span> 
     </span>
    </p>

    <p class='ocr_par' dir='ltr' id='par_1_22' title="bbox 187 4616 1530 4828">
     <span class='ocr_line' id='line_1_58' title="bbox 187 4616 1530 4751; baseline -0.001 -21"><span class='ocrx_word' id='word_1_630' title='bbox 187 4670 394 4749; x_wconf 69' lang='lat' dir='ltr'>bien-man,</span> <span class='ocrx_word' id='word_1_631' title='bbox 419 4690 460 4747; x_wconf 89' lang='lat' dir='ltr'>cg.</span> <span class='ocrx_word' id='word_1_632' title='bbox 480 4616 518 4749; x_wconf 76' lang='lat' dir='ltr'>pl.</span> <span class='ocrx_word' id='word_1_633' title='bbox 538 4672 667 4743; x_wconf 73' lang='lat' dir='ltr'>been-liii,</span> <span class='ocrx_word' id='word_1_634' title='bbox 687 4671 736 4751; x_wconf 90' lang='lat' dir='ltr'>qui</span> <span class='ocrx_word' id='word_1_635' title='bbox 756 4669 840 4728; x_wconf 86' lang='lat' dir='ltr'>verrit</span> <span class='ocrx_word' id='word_1_636' title='bbox 911 4671 1002 4731; x_wconf 89' lang='lat' dir='ltr'>edere.</span> <span class='ocrx_word' id='word_1_637' title='bbox 1024 4672 1253 4743; x_wconf 84' lang='lat' dir='ltr'>Tumultuantes‚</span> <span class='ocrx_word' id='word_1_638' title='bbox 1270 4672 1449 4751; x_wconf 84' lang='lat' dir='ltr'>strepitantes</span> <span class='ocrx_word' id='word_1_639' title='bbox 1463 4671 1530 4730; x_wconf 88' lang='lat' dir='ltr'>tlue·</span> 
     </span>
     <span class='ocr_line' id='line_1_59' title="bbox 225 4747 1205 4828; baseline 0.003 -21"><span class='ocrx_word' id='word_1_640' title='bbox 225 4752 360 4828; x_wconf 84' lang='lat' dir='ltr'>curatque</span> <span class='ocrx_word' id='word_1_641' title='bbox 390 4748 519 4808; x_wconf 86' lang='lat' dir='ltr'>semitam</span> <span class='ocrx_word' id='word_1_642' title='bbox 556 4749 702 4828; x_wconf 81' lang='lat' dir='ltr'>glacialem</span> <span class='ocrx_word' id='word_1_643' title='bbox 730 4752 760 4808; x_wconf 90' lang='lat' dir='ltr'>et</span> <span class='ocrx_word' id='word_1_644' title='bbox 787 4765 839 4827; x_wconf 90' lang='lat' dir='ltr'>pro</span> <span class='ocrx_word' id='word_1_645' title='bbox 911 4749 979 4808; x_wconf 73' lang='lat' dir='ltr'>tuat</span> <span class='ocrx_word' id='word_1_646' title='bbox 1016 4747 1205 4810; x_wconf 67' lang='lat' dir='ltr'>confectore.</span> 
     </span>
    </p>
   </div>
   <div class='ocr_carea' id='block_1_8' title="bbox 0 0 1636 5310">
    <p class='ocr_par' dir='ltr' id='par_1_23' title="bbox 0 0 1636 5310">
     <span class='ocr_line' id='line_1_60' title="bbox 0 0 1636 5310; baseline 0 0"><span class='ocrx_word' id='word_1_647' title='bbox 0 0 1636 5310; x_wconf 95' lang='lat' dir='ltr'> </span> 
     </span>
    </p>
   </div>
  </div>
 </body>
</html>
