3256 5310
395 396 504 456 ADEL.

166 478 247 534 vocat
264 475 434 533 rra-aeratae
452 475 510 532 avis
530 473 658 533 cruribus
678 472 780 542 rubris,

167 555 238 628 hug.
268 553 424 621 red-etant,
451 551 508 609 aris
535 551 664 629 qnaedam
690 550 782 608 rubris

167 630 306 697 cruribus,
328 629 395 687 mihi
412 630 516 704 ignota.
534 661 574 671 -
624 629 645 699 ij
662 628 782 702 betlcppe

166 707 220 763 him
246 726 276 763 aa
299 705 426 763 d’oebcrre
448 705 478 761 «ti
491 705 562 779 pod,
590 704 783 777 (miserabatur

167 802 232 840 eum
251 789 283 841 ut
296 783 401 841 ciconia
421 782 564 855 bufonem)
579 780 780 839 commiseratio

167 859 272 918 inimici
304 861 403 917 hreata.
449 859 582 916 Burman.
614 861 659 915 31.
700 857 781 914 Prov.

167 936 215 995 Nl.
251 937 381 1009 Gelaklrip
410 936 450 992 als
476 935 509 991 de
534 935 665 1007 ooijeeanr
691 955 708 989 a
732 939 782 989 toe-

167 1015 253 1088 oliept.
278 1046 317 1056 —
348 1015 433 1068 Waar
458 1011 490 1068 de
509 1013 654 1084 ooijeeaora
672 1012 784 1067 rreatetea

167 1097 268 1148 aterven
279 1108 357 1164 paene
369 1091 588 1145 lrroamoroawen.
599 1121 638 1131 —
653 1089 737 1143 Wanr
752 1085 784 1142 de

168 1168 313 1239 coijeraera
335 1185 456 1240 weqpccrr
476 1166 546 1221 amar
565 1183 594 1222 er
613 1165 686 1221 raaia
703 1164 733 1219 in
753 1162 785 1218 cle

169 1245 240 1300 karle
253 1242 379 1299 -Olim
392 1241 529 1298 nefastum
543 1240 680 1297 habebant
700 1239 784 1297 Frisii

168 1321 219 1377 hos
239 1319 355 1376 nuncios
374 1317 449 1395 pacis
464 1323 491 1374 et
504 1317 646 1374 felicitatis
659 1316 783 1391 abigere;

169 1414 286 1472 quaeque
314 1395 392 1463 villa,
425 1394 483 1449 sive
506 1393 535 1451 in
566 1392 665 1450 domus
696 1399 782 1460 tecto,

169 1472 265 1530 sivein
278 1471 367 1528 vicino
378 1469 483 1537 arbore,
493 1488 572 1526 suam
583 1469 701 1526 habebat
712 1469 783 1526 cico-

169 1549 259 1615 niam,
282 1566 399 1624 eamque
419 1546 521 1621 vulgus
541 1546 671 1603 credebat
691 1545 783 1602 villico

189 1625 285 1682 fatiam
322 1623 474 1699 rependere
513 1642 565 1697 pro
595 1621 783 1698 hospitalitate

169 1645 279 1759 luobus
292 1700 351 1758 ovis
366 1701 408 1756 vel
422 1717 478 1756 uno
492 1698 585 1775 pullo,
606 1718 677 1775 quos
696 1702 784 1755 mater

170 1798 185 1835 e
212 1777 279 1834 nido
305 1776 459 1833 amovebat.
501 1775 581 1832 Prov.
606 1775 632 1832 η’
646 1775 712 1832 Dr'a’
726 1777 785 1850 pylo

169 1854 201 1911 ria
225 1854 251 1911 'n
271 1853 300 1909 cti
318 1853 449 1910 meahare
468 1853 526 1908 hier
544 1852 639 1928 pullus
659 1857 785 1908 mortuus

170 1936 219 1988 aut
247 1949 332 1986 ovum
361 1934 403 1986 est
432 1928 546 1986 ciconiae
576 1929 716 1986 locarium.
747 1960 786 1970 -

170 2008 247 2064 [nter
273 2024 374 2081 pueros
401 2005 503 2062 Frisios
528 2005 629 2063 fabella
654 2010 696 2061 est
716 2004 786 2060 cico-

170 2083 243 2140 niam
252 2128 259 2151 ,
269 2101 332 2140 cnm
345 2100 455 2139 sursum
469 2081 598 2138 deorsum
610 2088 685 2138 moto
696 2086 785 2137 rostro

170 2159 300 2235 crepitat,
315 2158 429 2215 lundene
444 2176 539 2233 preces
549 2156 584 2214 ad
595 2157 687 2215 deum.
703 2158 786 2214 Nunc

170 2234 321 2292 mundities
342 2235 496 2291 villicorum
515 2234 646 2308 praevalet
659 2233 787 2310 reliffl'oni

1433 237 1468 296 10

1123 392 1158 450 AE

856 471 999 554 paludosa.
1042 471 1143 532 Theut.
1169 473 1284 541 Bror'ck,
1311 489 1406 542 omne,
1431 467 1470 530 ol·

856 554 927 620 lant,
950 551 1026 625 pair,
1059 549 1154 627 palus,
1182 550 1346 620 amfractus,
1369 547 1470 607 labina.

856 631 927 703 Ang.
947 628 1029 685 Norl.
1049 628 1133 684 allant
1148 626 1214 684 land
1227 627 1332 684 broken
1345 646 1385 702 up
1399 626 1471 684 from

857 725 941 780 grass.
965 705 1030 762 ltali
1051 704 1193 771 odoacre·
1213 702 1473 762 Holtond.Hollond

856 781 885 840 in
916 781 1116 839 Netherlandia
1147 786 1174 837 et
1202 781 1323 838 Hodaad
1347 780 1377 838 in
1403 799 1471 855 agro

857 858 1049 927 Lincolnensi,
1073 857 1161 915 ambae
1181 863 1246 915 aunt
1272 857 1398 933 regiones
1419 857 1470 913 hn-

857 935 951 1005 miles,
972 935 1124 1009 paludosa,
1145 934 1229 992 maris
1248 933 1365 992 influxni
1384 933 1472 990 obno-

858 1012 918 1069 xiae.
958 1011 1059 1068 Confer
1086 1029 1149 1068 cum
1174 1011 1227 1068 hoc
1245 1011 1274 1066 ἅῑ
1292 1011 1410 1068 alterum
1429 1010 1471 1078 dt,

857 1107 955 1146 succus
984 1093 1078 1145 coctus
1105 1106 1139 1145 ex
1164 1087 1277 1145 facibus
1297 1085 1394 1144 hordei
1413 1086 1472 1144 sivc

858 1165 995 1222 cerevisia.
1012 1163 1127 1221 Flandri
1142 1168 1249 1221 veteres
1263 1162 1472 1239 distinguebant

859 1241 888 1296 a‘t
908 1241 982 1298 inter
1002 1247 1030 1298 et
1049 1242 1111 1297 tier.
1131 1241 1198 1296 Bier
1216 1239 1273 1297 illis
1293 1246 1352 1296 erat
1370 1239 1472 1296 cerevi-

858 1317 898 1374 sia
915 1324 1006 1386 vetns‚
1033 1336 1096 1393 quae
1116 1316 1267 1385 deferbuit,
1295 1316 1323 1372 a‘l
1344 1334 1408 1373 vero
1429 1334 1471 1373 ce-

858 1393 958 1451 revisia
987 1413 1082 1451 recens
1112 1400 1140 1451 et
1170 1393 1381 1451 fermentatione
1405 1411 1471 1468 spu·

859 1490 944 1527 mans.
988 1469 1068 1528 Hanc
1098 1470 1304 1527 distinctionem
1331 1468 1415 1543 Angli
1440 1468 1471 1524 in

857 1551 966 1603 tanturn
987 1551 1140 1622 sequuntor
1159 1551 1191 1602 ut
1208 1547 1266 1602 beer
1285 1545 1322 1603 sit
1336 1545 1471 1602 vetustius

859 1623 902 1680 vel
922 1623 1009 1698 magis
1029 1623 1164 1681 cibarium
1184 1641 1268 1699 quam
1282 1623 1330 1678 ala.
1356 1620 1471 1678 Flandri

859 1746 874 1769 „
890 1703 932 1772 oft
960 1701 1002 1756 cel
1030 1702 1072 1773 ost
1100 1700 1155 1756 dier
1176 1697 1342 1773 pebrorrmea”
1369 1697 1472 1754 Vader-

858 1775 975 1834 landsch
988 1776 1133 1844 Museum,
1153 1776 1275 1833 Serrnre.
1289 1775 1311 1832 I.
1326 1775 1369 1834 77.
1400 1775 1471 1849 Aug.

859 1853 960 1911 dremed
971 1872 1002 1908 or
1012 1854 1053 1910 cte
1063 1872 1093 1908 or·
1103 1853 1168 1909 beer.
1189 1852 1236 1909 Nl.
1248 1852 1327 1925 (Kil.)
1343 1896 1358 1919 „
1368 1852 1421 1919 ael,
1434 1852 1473 1907 ecl

860 1975 875 1999 ,‚
891 1931 961 2005 Aug.
994 1929 1126 1987 cerevisia
1154 1927 1287 1986 mustea.'’
1338 1926 1472 1984 Primaria

859 2008 954 2082 itaque
973 2006 1050 2063 notio
1071 2004 1181 2063 videtur
1200 2024 1261 2063 esse
1278 2004 1307 2062 iu
1328 2005 1473 2062 fermenta·

860 2083 936 2140 tione
967 2082 1084 2140 faecium.
1125 2083 1189 2157 Ags.
1219 2083 1287 2139 erton
1306 2080 1471 2147 incendere,

859 2160 977 2226 fervere,
1007 2177 1138 2234 coquere;
1167 2160 1224 2215 eolo
1243 2156 1382 2217 cerevisia.
1423 2155 1471 2213 Isl.

860 2237 916 2303 ool,
936 2236 972 2302 ul,
994 2235 1064 2292 Dan.
1085 2236 1134 2303 ott,
1154 2234 1237 2292 idem.

171 2318 281 2387 patrum
308 2316 336 2367 et
359 2310 478 2386 impedit
501 2327 557 2384 quo
581 2310 673 2367 minus
694 2326 786 2367 encre·
822 2312 914 2378 alsk,
936 2311 988 2384 adj.
1009 2311 1073 2368 F.b.
1094 2310 1221 2386 putidus,
1242 2309 1381 2368 rancidus.

171 2395 264 2446 menta
303 2407 412 2462 spureae
449 2386 507 2444 avis
539 2387 568 2443 in
602 2386 708 2443 aclibus
742 2386 786 2442 vel
823 2387 938 2455 blake,
968 2387 1012 2444 vb.
1040 2387 1105 2444 F.b.
1126 2406 1197 2461 opus
1217 2387 1348 2461 putidum
1369 2385 1472 2444 culina-

171 2465 258 2523 hortis
278 2464 336 2521 suis
357 2463 505 2540 patiantur.

859 2463 931 2521 rium
952 2464 1055 2532 lacere,
1076 2463 1159 2520 Sued.
1173 2466 1248 2520 clato
1260 2463 1343 2522 idem.

134 2541 320 2598 n'eabarrc
360 2540 427 2596 mei
467 2537 626 2596 horirnen
666 2537 786 2611 (ciconia
821 2538 1473 2615 ADlellnpv.Fdrerid.Edeerda,Idaerdn

170 2621 296 2691 cornuta)
317 2616 388 2673 aries
408 2620 495 2672 retus.

860 2636 887 2672 n.
908 2621 1016 2692 patron.

133 2694 249 2762 ADEL,
274 2713 301 2750 n.
328 2713 355 2767 p.
382 2711 406 2750 v.
434 2692 508 2748 idem
529 2691 603 2767 quod
624 2691 688 2749 nv.
708 2691 785 2759 (thel,
821 2692 966 2751 auorlJu
998 2688 1114 2767 (nachje)
1144 2713 1170 2750 n.
1201 2711 1316 2769 pomum
1345 2695 1474 2760 ovatum,

170 2770 239 2837 edet,
270 2769 385 2837 nobilis,
410 2769 475 2844 Aga.
496 2769 585 2836 rethel,
605 2768 784 2835 rethel-boren,

172 2846 284 2913 nobilis,
305 2865 368 2922 quae
388 2863 442 2902 vox
461 2845 489 2902 in
510 2844 606 2901 multis
627 2843 785 2901 nominibus

171 2923 291 2999 propriis
317 2921 393 2997 apud
412 2940 508 2978 omnes
528 2927 624 2996 gentes
644 2939 678 2978 ex
699 2920 785 2996 stirpe

172 3000 374 3057 Germanorum
414 3000 614 3073 frequentatur.
670 2997 785 3065 Adetea,

169 3094 270 3133 nomen
316 3074 485 3149 gentilitium
531 3072 633 3130 nobilis
673 3073 785 3130 lamiliac

168 3152 294 3221 Frisicae,
323 3152 416 3208 forsan
438 3150 512 3207 idem
538 3154 580 3207 est
604 3168 668 3207 cum
689 3149 785 3206 Adita

169 3249 196 3286 n.
226 3248 253 3304 p.
284 3228 370 3285 seculi
390 3226 514 3284 decimi:
535 3226 569 3284 cf.
590 3227 784 3283 Fbrstemann.

169 3325 196 3381 p.
206 3307 268 3362 138.
280 3302 564 3363 Animadvertendum
570 3307 663 3359 tamen
671 3303 786 3359 Adeelea

132 3378 784 3533 itti}⁰;.⁵tl.t,t¹¹⁸⁸t³¹¹l³0ltttellit·

443 3501 449 3524 r
492 3500 518 3530 υ·
778 3501 785 3524 a

170 3553 226 3609 quo
251 3534 336 3609 spicae
355 3534 470 3590 incasso
489 3537 602 3589 manent
622 3537 650 3589 et
672 3532 785 3590 levitate

170 3630 199 3667 se
220 3611 336 3686 erigunt.
369 3611 435 3685 Ags.
450 3608 521 3678 odel,
544 3609 601 3678 adl,
624 3608 784 3679 imorbus,

170 3687 256 3744 tabes.
315 3684 321 3693 '

131 3764 246 3832 ADFL,
274 3763 306 3820 F.
315 3761 341 3820 b.
369 3781 403 3819 ex
428 3763 535 3819 sumeto
555 3759 664 3818 stillans
684 3761 784 3839 liquor.

171 3839 298 3898 Holsatia
331 3839 409 3895 addet
443 3838 517 3896 idem
524 3863 532 3907 ;
570 3843 709 3895 contracte
742 3839 784 3909 dt,

169 3918 232 3975 Sax.
246 3937 273 3974 n.
294 3917 348 3972 cille
361 3915 444 3973 idem.
458 3916 487 3973 F.
496 3915 522 3972 b.
536 3916 581 3984 cet,
596 3915 613 3971 f.
634 3914 721 3973 Bend.
739 3919 783 3973 31.

859 2768 1060 2838 semirubrum,
1080 2769 1223 2846 putamine
1244 2769 1352 2845 glabro,
1372 2787 1471 2844 sapore

859 2845 930 2914 acri,
960 2850 988 2902 at
1016 2845 1103 2903 odoro
1123 2851 1152 2903 et
1170 2845 1262 2913 suavi,
1291 2845 1471 2902 adurensem

859 2922 992 2979 Martium
1011 2941 1101 2998 usque
1121 2922 1268 2998 integrum.
1308 2921 1393 2978 Pleno
1411 2922 1474 2977 Inka

858 3001 938 3055 turer
951 2998 1036 3072 deetje
1050 2999 1169 3074 (Agatha
1184 2998 1371 3068 Fnlrhusana).
1400 2997 1432 3054 F.
1446 3016 1472 3054 ο.

859 3077 951 3148 nccdje
977 3075 1059 3132 idem.
1098 3075 1155 3132 Alii
1182 3076 1266 3133 hocce
1310 3093 1405 3131 omum
1424 3092 1473 3148 ap·

859 3150 968 3228 pellant
990 3153 1221 3228 Tryn-weuwater,
1243 3151 1271 3209 di
1301 3156 1377 3209 ectus
1401 3169 1474 3208 com·

859 3227 951 3284 munis
975 3229 1177 3304 lips-roceam
1202 3228 1284 3286 ambo
1304 3227 1419 3284 nomina
1439 3246 1473 3283 ex

858 3304 975 3361 muliere
1000 3305 1136 3380 originem
1155 3305 1272 3373 habent,
1300 3305 1418 3361 alterum
1439 3322 1474 3360 ex

859 3381 981 3455 Agatha,
1013 3381 1131 3438 alterum
1152 3401 1185 3438 ex
1206 3380 1362 3438 catharina.
1402 3379 1473 3454 Quae

860 3457 945 3514 luerit
963 3456 1013 3514 illa
1032 3478 1067 3515 ex
1087 3457 1231 3526 Encbusa,
1251 3457 1320 3515 urbe
1334 3456 1473 3514 maritima

858 3533 1059 3604 west-Frisios,
1080 3534 1147 3591 mihi
1167 3553 1223 3590 non
1244 3538 1359 3592 constat.
1399 3533 1475 3590 Nota

860 3615 902 3667 est
922 3609 1042 3684 phrasis,
1063 3613 1125 3668 Dou
1145 3611 1210 3667 diste
1229 3631 1259 3668 aa
1272 3609 1431 3686 nyapjirrich
1444 3628 1475 3666 aa

860 3687 957 3759 Aeclvje
974 3689 1028 3761 fen
1048 3688 1194 3754 Inklruaea,
1227 3686 1416 3744 curiositatem
1437 3685 1473 3742 ri·

860 3762 981 3821 dieulam
1029 3765 1089 3822 onis
1116 3763 1145 3821 in
1166 3783 1195 3822 re
1216 3763 1314 3821 aliena
1335 3763 1370 3820 cf.
1391 3762 1415 3819 J.
1436 3761 1473 3818 H.

859 3840 993 3973 tllipoopiI
1008 3783 1179 3916 l'omologia.
1208 3839 1241 3896 l'.
1270 3841 1352 3898 1758.
1378 3858 1405 3916 p.
1426 3841 1471 3895 44.

168 3994 249 4052 Hols.
276 3993 427 4066 addelproot,
464 3993 567 4067 Angv.
601 4036 616 4061 „
632 3992 783 4067 addlepool,
821 3991 996 4062 AELWER,
1034 3994 1098 4052 F.b.
1129 4012 1211 4051 verus
1238 3992 1323 4051 animi
1358 4011 1473 4061 sensns,

168 4090 214 4138 „a
240 4070 306 4146 pool
331 4089 363 4126 or
394 4067 498 4145 puddle
527 4088 592 4127 near
616 4087 632 4125 a
655 4068 783 4144 dunghill

167 4191 183 4215 „
198 4147 242 4202 lor
262 4145 400 4220 receiving
414 4145 459 4202 the
473 4144 540 4202 lluid
553 4147 624 4202 lrom
637 4142 684 4201 it.”
717 4151 782 4220 Age.

859 4087 937 4126 mens
951 4070 1030 4128 seria.
1041 4071 1089 4129 Isl.
1104 4073 1207 4140 atcere,
1221 4071 1240 4130 l.
1251 4069 1334 4127 idem.
1345 4068 1473 4127 Andreae.

859 4145 923 4204 Hol.
944 4146 1000 4204 Hd.
1020 4153 1100 4206 eruat.

168 4222 253 4290 (edeta,
268 4222 359 4290 urina,
374 4221 505 4298 putredo;
519 4221 674 4288 adtracti,
689 4221 782 4279 scrobs
820 4222 868 4291 AE,
902 4239 955 4291 us,
988 4223 1050 4282 adv.
1077 4243 1187 4301 semper
1194 4247 1202 4292 ;
1235 4241 1368 4317 unpuam.
1407 4222 1474 4295 Age.

167 4300 196 4356 in
214 4318 297 4374 quam
313 4297 425 4373 putrida
439 4299 597 4365 confluunt,
618 4297 649 4353 F.
663 4297 784 4372 sint-pat

167 4377 238 4450 Ang.
252 4375 324 4442 arat,
344 4374 427 4431 idem.
448 4374 522 4431 Secti
536 4373 624 4442 anate,
640 4372 693 4448 adj.
709 4374 781 4450 puli·

167 4452 233 4519 dus;
254 4472 289 4508 cn
303 4451 380 4507 adde
392 4450 456 4518 ded,
477 4470 493 4507 a
507 4450 585 4525 filthy
600 4451 679 4526 poci,
694 4451 725 4508 F.
741 4451 782 4507 iera

167 4530 239 4585 clete
257 4528 343 4585 dobba.
383 4527 496 4585 Holsati
516 4527 624 4584 tiridaten
641 4527 779 4602 mingere,

167 4606 250 4663 Sued.
277 4604 340 4661 odlc
359 4604 442 4662 idem.

128 4683 200 4750 oel,
236 4680 301 4740 F.b.
332 4700 431 4739 succus
464 4680 571 4756 spissus
601 4686 629 4737 et
660 4679 779 4756 pinguis.

168 4758 225 4831 (NL
239 4759 265 4816 ol
278 4761 422 4834 coenum),
445 4758 544 4817 Ollcnd
555 4763 629 4816 terra
645 4775 778 4828 coenosa,

857 4318 919 4366 coa,
947 4318 1068 4376 semper,
1098 4305 1238 4359 contracte
1264 4320 1297 4368 a,
1329 4298 1472 4375 protinus;

856 4376 928 4450 Aug.
953 4396 1002 4450 cy,
1027 4396 1144 4453 semper.
1184 4378 1214 4434 F.
1223 4396 1247 4434 v.
1267 4381 1387 4433 utuntur
1406 4375 1426 4431 ἅ
1442 4374 1472 4431 in

856 4451 1017 4526 compositis
1029 4479 1036 4520 ;
1067 4473 1100 4511 er
1121 4473 1160 4527 gr.
1180 4474 1228 4523 na,
1254 4453 1286 4510 F.
1307 4455 1369 4521 etc,
1404 4470 1474 4507 nuu-

855 4546 939 4603 quarn
960 4529 1050 4601 (na-h,
1072 4527 1175 4601 neria),
1195 4534 1286 4598 (occet,
1310 4528 1353 4597 aa,
1368 4528 1401 4585 F.
1415 4531 1472 4597 eat,

855 4608 991 4680 (unquam
1005 4605 1088 4682 quid,
1108 4606 1126 4663 i.
1141 4610 1175 4679 e.)
1191 4606 1311 4683 aliquid;
1333 4605 1365 4662 F.
1376 4624 1400 4661 v.
1419 4623 1474 4659 ane

853 4700 908 4738 mer
922 4681 1033 4753 (ci-mer,
1054 4702 1179 4760 unquam
1193 4684 1301 4760 magis.)
1323 4682 1355 4739 F.
1365 4683 1473 4755 jimmer

853 4776 994 4835 unquam,
1038 4761 1146 4835 jimmer
1184 4760 1234 4818 wei
1272 4757 1473 4818 indesinenter.
