3256 5310
101 233 157 290 e41

366 384 496 446 nultra.

1391 240 1448 298 042

1081 385 1168 449 DEL-

140 460 329 537 praesentibus
354 461 450 539 pneris
476 480 533 522 nou
558 466 652 521 tutum
672 462 708 521 de
728 482 757 521 re
794 459 1015 532 webeheke,
1037 480 1079 538 eg.
1099 462 1216 522 linteum
1234 464 1344 526 subtilis
1358 471 1452 528 textu·

140 537 250 596 silenda
268 537 353 616 loqui.
382 537 457 596 Note
470 546 577 616 petrem
591 539 757 599 Chioeueem

141 618 183 672 tot
202 633 307 692 ponere
326 613 396 673 ollas
415 635 431 672 a
451 622 524 674 artas
543 616 572 673 in
585 635 644 674 suae
658 616 757 676 domus

138 694 211 749 tecto
231 700 300 767 quot
320 688 403 749 hebet
417 634 487 750 hiiaa
502 692 622 752 nubiles.
640 726 678 737 -
690 694 757 751 Doer

138 767 163 824 ie
187 768 216 824 ot
240 768 356 841 tofella
375 768 436 826 thole
454 787 488 843 op
509 769 529 825 ’t
543 771 628 840 huwe,
655 769 694 828 ibi
715 769 756 828 ni·

832 558 878 597 rae.
898 538 946 597 Nl.
960 540 1123 613 aethereae.
1150 540 1217 599 Oin
1231 542 1285 600 scot
1298 548 1340 601 est
1352 562 1388 602 aa
1401 545 1451 605 lsl.

830 618 907 688 oeJ⁴o,
934 621 1040 685 terere,
1066 617 1108 692 pf.
1132 619 1195 692 aas,
1220 617 1280 693 eds,
1306 619 1343 696 df.
1374 622 1449 699 Aug.

831 693 890 760 add,
911 692 958 749 the
976 711 1046 768 yarn
1066 712 1102 750 ou
1122 710 1138 749 a
1159 712 1279 753 weasers
1299 715 1355 754 aar
1381 742 1389 767 ,
1411 717 1446 757 ex

830 769 871 845 pt.
898 770 934 843 of
955 788 998 824 =
1020 770 1058 842 os.
1087 768 1177 827 Alam.
1197 789 1302 847 scoppo,
1329 716 1448 833 teierum

138 843 209 901 mios
241 848 371 921 sumptus
405 845 434 903 iu
465 846 611 916 vestitum,
644 846 755 924 epulas,
830 845 890 914 fila,
911 844 968 904 Hd.
987 845 1085 916 webm,
1106 850 1208 906 texere.

138 937 240 1055 eqpos,
260 925 320 978 caet.
341 920 519 997 impendunt.

100 993 164 1129 dese
199 1041 207 1066 ,
238 1015 282 1086 ος.
311 1015 460 1074 compages
490 1017 615 1057 asserum
642 1004 756 1088 enatans

149 1090 226 1130 orma
258 1077 335 1131 metm
368 1073 664 1151 oblonga-quadratae,
697 1094 756 1135 sine

793 919 955 991 DEKSEL,
982 940 1023 996 cg.
1044 920 1134 980 malus
1159 920 1284 994 daemon,
1310 923 1448 986 diabotus.

832 998 921 1057 Usum
947 1002 1061 1075 praestet
1086 998 1157 1056 levia
1183 999 1379 1072 execrationis,
1408 1004 1450 1062 Di

830 1074 935 1145 dekeel,
974 1077 1046 1133 tuot
1084 1074 1186 1132 dathon
1225 1077 1350 1153 theom!
1396 1079 1450 1139 Per

139 1148 242 1219 tundo,
269 1149 319 1207 sed
346 1169 468 1239 superne
497 1153 632 1228 operculo
659 1150 756 1210 mobili
826 1150 934 1225 jovem,
973 1156 1005 1209 ut
1038 1150 1110 1209 belle
1147 1158 1258 1229 oompta
1292 1154 1336 1213 est
1384 1154 1449 1216 lto.

138 1229 231 1294 tectae,
252 1226 279 1283 in
300 1245 370 1284 nave
389 1232 538 1303 piscatoria
554 1228 669 1304 cingens
683 1228 756 1286 orifi-

138 1301 214 1359 cium
225 1301 343 1361 tehnlati
357 1303 481 1374 carinati,
497 1305 549 1363 snb
564 1324 621 1383 qno
631 1311 659 1364 et
669 1324 755 1382 anper

138 1378 258 1437 fundum
271 1379 443 1457 perforatum
458 1386 555 1440 uetant
564 1381 655 1459 pisces
666 1381 754 1460 capti;

137 1474 188 1544 per
219 1454 272 1514 hoc
303 1455 489 1544 praecinctum
519 1457 609 1530 (dealt)
654 1459 756 1517 iacetor

137 1531 263 1590 rmmittit
288 1551 380 1668 praees
405 1533 436 1592 iu
461 1533 555 1593 alvum
580 1479 755 1612 perieratnm

137 1607 240 1742 (beappo
263 1628 295 1667 ve
339 1609 406 1668 iude
439 1610 521 1688 oepit
554 1611 660 1689 Snpple
692 1612 756 1670 deek

136 1702 163 1760 p.
242 1728 248 1743 .

830 1227 932 1298 debeat,
956 1226 1039 1286 idem.
1065 1227 1140 1286 etur.
1168 1228 1254 1287 Haut
1277 1228 1366 1288 uersu
1383 1233 1450 1291 acet

830 1306 880 1362 tol
899 1322 1037 1381 quorsum
1051 1304 1111 1362 haee
1144 1310 1303 1381 repostam,
1325 1325 1377 1384 per
1393 1327 1450 1367 ma·

830 1381 888 1439 lum
916 1380 1084 1439 damonem!
1135 1398 1172 1438 .o.
1192 1381 1292 1440 Dekeet
1315 1385 1380 1442 anet
1401 1388 1448 1443 to!

829 1457 904 1516 Stiir.
924 1456 982 1516 Hd.
995 1457 1103 1526 Deiael,
1118 1456 1238 1527 Grimm,
1252 1458 1319 1518 Lex.
1332 1459 1371 1519 11.
1385 1464 1451 1523 ⁹1⁵.

829 1533 893 1593 teo.
918 1533 1013 1604 decem
1040 1551 1148 1593 vermes
1171 1533 1390 1615 circumquaque
1409 1557 1451 1597 re-

829 1616 942 1688 pentes,
962 1608 1105 1680 diabolus,
1125 1614 1157 1667 ut
1172 1611 1277 1681 ιοίειιιι,
1297 1613 1398 1687 οήίιιιι,
1418 1615 1449 1674 lt

830 1686 946 1756 vermis,
967 1685 1110 1755 diabolum
1130 1685 1262 1759 ajinnak,
1282 1686 1394 1749 diabolo
1414 1690 1450 1749 si·

99 1758 218 1832 thecle,
251 1781 278 1820 n.
309 1761 429 1821 linteum
461 1763 600 1840 spissum,
632 1782 665 1823 ex
696 1783 753 1843 qno

136 1837 207 1894 flunt
238 1838 421 1915 pulvinorum
455 1849 483 1899 et
512 1841 647 1900 lectorum
677 1840 755 1900 invo-

136 1913 220 1971 lucra
248 1915 283 1974 G.
307 1915 332 1974 J.
353 1917 453 1986 tecleae,
477 1917 649 1993 Agatheae,
675 1916 754 1977 invo-

136 1988 264 2061 luerum,
285 1995 487 2067 tegumentum.

97 2062 267 2125 thek·rea
299 2111 308 2137 ,
341 2087 367 2126 n.
399 2068 534 2128 stramina
566 2073 693 2129 contorta
725 2070 753 2128 in

135 2142 250 2232 modum
270 2086 361 2215 iiunia,
388 2145 494 2223 quihus
515 2150 588 2205 tecta
605 2146 754 2206 domorum

136 2225 303 2280 vestiuntur.

97 2290 296 2367 then-reid,
316 2315 343 2356 u.
363 2297 515 2358 arundines
529 2299 666 2378 palustres
679 2298 753 2358 foliis
827 2297 890 2367 nia,
912 2301 973 2356 cat.

135 2371 210 2430 orbae
230 2373 310 2432 tectis
330 2374 495 2433 sternendae.
788 2371 976 2442 dekselsk,
996 2371 1052 2448 adj.
1069 2370 1232 2441 vehemens,
1253 2370 1369 2432 violem.
1388 2375 1448 2434 Dat

97 2445 382 2520 thek·soeewen‚
403 2451 442 2529 pl.
462 2452 593 2528 mergites
612 2451 752 2512 straminis
826 2451 850 2508 ie
875 2451 919 2508 ren
944 2448 1063 2508 detractat
1078 2448 1164 2525 pejoel
1173 2449 1227 2524 serr
1246 2447 1277 2506 di
1295 2448 1371 2520 bea,
1399 2451 1446 2510 isti

135 2524 216 2583 tectis
235 2526 400 2586 aterneudse.
827 2545 979 2603 puerorum
999 2525 1091 2584 tnrbae
1112 2530 1139 2582 et
1156 2525 1291 2584 clamores
1304 2533 1370 2585 sunt
1383 2526 1446 2586 hor·

97 2598 361 2674 then-seiam,
385 2623 426 2680 cg.
446 2605 549 2676 forfex,
569 2604 753 2682 quoarnndi·
828 2603 914 2661 rendi.
954 2600 1174 2671 adverbialiter,
1208 2602 1238 2660 It
1267 2603 1291 2660 is
1319 2602 1447 2662 demebas

829 1762 918 1833 milis,
951 1766 1056 1822 satanoe
1088 1781 1175 1821 more.
1207 1766 1273 1840 Aga.
1306 1765 1449 1842 (ag-deae)

829 1838 934 1909 odem,
967 1837 1156 1908 salamender,
1189 1839 1316 1974 proprie,
1347 1843 1449 1901 vermis

828 1914 976 1985 terribilis,
998 1915 1044 1974 al.
1063 1913 1212 1992 epi-detes,
1263 1915 1291 1976 d.
1308 1916 1448 1989 adana

828 1993 943 2062 lacerta,
973 1990 1021 2051 Nl.
1043 1991 1176 2068 hope-dia,
1206 1992 1324 2062 lacerta,
1354 1995 1448 2071 striga.

828 2067 884 2126 Hd.
911 2068 1010 2136 deshel,
1036 2086 1088 2143 per
1114 2067 1280 2126 Plutonem!
1305 2068 1375 2128 Haeo
1394 2089 1449 2130 vox

828 2164 861 2202 ex
888 2144 1094 2202 Germanorum
1117 2162 1144 2201 m
1165 2142 1288 2232 thoiogia
1307 2152 1450 2278 superstes

828 2221 902 2297 viget
928 2221 957 2279 in
985 2219 1090 2288 Fusio,
1150 2218 1286 2290 ollandra,
1314 2221 1448 2282 hamau-

134 2695 184 2735 uea
210 2684 348 2738 exstantes
378 2681 445 2739 tecti
472 2687 668 2759 amputantur,
701 2681 752 2760 qui
826 2678 904 2748 tud,
924 2679 1013 2814 frique
1033 2677 1113 2736 valde
1133 2676 1220 2736 saevit.

135 2771 199 2811 cum
213 2773 270 2813 non
283 2764 384 2832 praeto
397 2756 442 2827 sit,
460 2759 751 2836 puerumeeltatuum
788 2755 960 2814 fordekse
984 2755 1016 2824 d,
1048 2755 1114 2812 liol.
1134 2753 1299 2826 nerduioeld,
1323 2774 1447 2815 exsecra·

132 2829 189 2905 joci
210 2850 293 2891 causa
312 2833 342 2891 iu
362 2832 469 2893 vicinos
489 2834 615 2904 mittunt,
636 2839 668 2893 ut
687 2854 750 2894 enm
826 2839 886 2901 tua,
907 2832 925 2890 i.
946 2851 969 2891 e.
991 2830 1135 2901 terribilis,
1156 2831 1312 2890 vehemens.
1341 2832 1446 2893 Hettia

134 2908 331 3062 ididia*
345 2910 453 3044 aeq„
463 2909 751 3046 peerqnprepqq.
788 2908 991 3044 ettttdt
1016 2907 1259 3058 “i‘'‘ritoehiss
1279 2908 1444 3045 {thar

133 3001 172 3041 ers
291 3005 563 3046 mammaeam
621 3007 751 3046 urm..
872 3030 879 3054 ,
993 3028 1058 3053 ‚·
1148 3027 1155 3042 ·
1246 3027 1311 3053 ,ο

95 3059 272 3132 stre-tek,
314 3063 377 3123 Ro.
418 3068 522 3123 tectum
560 3064 750 3124 stramineum.
825 3061 1004 3138 quorundam
1023 3059 1177 3128 canalium,
1207 3059 1257 3136 qni
1276 3065 1343 3119 sunt
1361 3061 1445 3135 fossi,

134 3135 164 3195 Ο.
178 3137 218 3194 Μ
239 3143 284 3197 45.
454 3204 457 3209 ,
825 3138 952 3215 adeoque
978 3135 1105 3196 distincti
1131 3135 1166 3194 ab
1193 3135 1247 3206 eis,
1274 3137 1324 3213 qni
1345 3157 1378 3197 ex
1398 3139 1446 3199 de·

96 3208 266 3283 thochen,
287 3233 330 3291 cg.
342 3214 429 3274 Hind.
443 3217 564 3287 amaa,
582 3218 750 3295 stragulum,
826 3233 910 3273 eursu
937 3213 1084 3272 fluminum
1112 3214 1156 3271 vel
1176 3230 1315 3347 aquarum
1328 3214 1445 3303 'hyema-

134 3291 326 3363 tegumentum
351 3290 381 3348 in
408 3293 493 3352 lecto:
520 3295 538 3350 lr
562 3313 605 3349 =
627 3299 652 3351 ta
670 3295 749 3352 utin
826 3291 896 3350 lium
916 3290 971 3349 orti
990 3296 1063 3349 sunt
1094 3289 1231 3367 Exempo
1250 3295 1307 3348 arnt
1326 3308 1356 3347 ιιι
1369 3311 1444 3368 pago

133 3364 207 3439 Aug.
227 3367 331 3436 theut,
350 3366 456 3444 (thatsj)
477 3389 527 3446 pro
550 3371 636 3428 ttoela
670 3370 750 3429 Vocis
825 3366 1040 3426 Idaerderadeta
1059 3367 1094 3425 ad
1113 3372 1255 3434 austrum,
1275 3366 1299 3423 it
1309 3367 1445 3438 adu-dcet,

133 3441 244 3499 tatem
262 3461 437 3520 synonymon
458 3451 500 3503 est
519 3445 606 3504 Hind.
625 3447 750 3518 made,
824 3446 848 3502 it
867 3443 1018 3510 eitd-deet,·
1037 3443 1073 3501 ad
1092 3442 1220 3512 boream,
1240 3441 1314 3499 inter
1333 3444 1444 3501 canales

134 3514 165 3574 F.
184 3517 274 3577 seriae.
303 3519 370 3609 Aga.
389 3520 499 3590 meaa,
525 3521 631 3598 Ang.v.
655 3523 750 3594 uriae,
824 3523 848 3579 it
873 3519 939 3577 seiid
956 3522 1010 3594 sen
1041 3521 1170 3575 Wartean
1196 3523 1224 3576 et
1249 3516 1280 3575 di
1301 3519 1390 3593 ptest,
1420 3520 1445 3577 it

133 3597 235 3669 tegere.
254 3627 293 3640 -
312 3596 444 3672 Figurate
465 3600 510 3675 Dp
527 3603 579 3656 tren
591 3599 656 3657 lirae
668 3600 751 3657 under
824 3595 1053 3664 Soractem-dael,
1080 3613 1133 3684 per
1152 3612 1297 3671 apocopen
1318 3593 1401 3652 hodie
1420 3596 1445 3654 s't

133 3668 174 3728 te
210 3671 336 3743 tteklrea,
368 3673 451 3732 ambo
484 3676 577 3752 specie
607 3674 749 3734 discordes
824 3677 923 3731 Seroet.
946 3704 985 3717 -
1015 3671 1138 3745 Frisiis
1152 3671 1263 3729 finalem
1282 3676 1348 3747 poet
1367 3670 1379 3726 l
1397 3671 1443 3729 ah

133 3747 479 3886 mittam&
505 3752 751 3887 istim
824 3749 949 3885 diii
965 3746 1444 3898 *trtttdtt'ffldhha‘t‘tt

368 3872 374 3886 .
461 3847 486 3887 v.
536 3849 559 3886 eo
626 3849 637 3886 s
850 3869 857 3886 .
955 3850 967 3892 ,·
1177 3869 1185 3895 ,
1355 3868 1363 3894 ,

132 3900 236 3960 &mea
260 3902 317 3961 deis
338 3905 403 3981 tte-pe
420 3904 515 3964 ninam
532 3907 579 3978 dja
591 3907 680 3981 jurene
698 3906 751 3964 mei
824 3901 909 3980 Anin
934 3907 1029 3960 contra
1054 3900 1084 3958 in
1103 3900 1331 3978 pronuntiatione
1351 3900 1445 3961 absor-

823 3980 891 4038 bent
909 3980 922 4035 t
939 3984 1003 4037 ante
1014 3979 1051 4053 s,
1072 3996 1156 4054 quem
1173 3978 1324 4036 leondunt
1336 3977 1365 4035 iu
1379 3997 1445 4054 pro·

824 4056 910 4115 dueta
936 4054 1040 4123 vocali,
1065 4055 1129 4128 hats
1150 4053 1240 4129 (haas)
1268 4053 1331 4128 oolf
1350 4053 1442 4128 (haas)

158 4148 236 4188 orma
271 4132 377 4192 theoton
409 4135 551 4213 conspirat
583 4154 648 4195 cum
682 4138 749 4213 Aga.
823 4133 885 4192 Jam
905 4132 936 4190 F.
944 4151 968 4190 v.
988 4130 1149 4209 promiscue
1169 4128 1309 4188 habebant
1321 4128 1398 4188 deleo
1414 4135 1444 4188 et

133 4205 234 4276 ttecea,
254 4213 373 4279 tectum,
393 4210 500 4269 domus.
823 4209 894 4280 aaa,
915 4208 1018 4268 sodere.
1038 4206 1174 4266 Hollendi
1187 4206 1345 4296 delsfossa,
1365 4205 1442 4265 nude

95 4280 389 4356 theanen-steen,
413 4306 439 4346 u.
460 4288 603 4351 conferva:
624 4289 749 4364 stragulo
823 4305 924 4345 nomeu
951 4284 1028 4343 urhis
1054 4284 1136 4358 Detf,
1166 4283 1248 4341 hodae
1267 4282 1360 4357 Detst,
1390 4302 1442 4360 per

132 4358 233 4418 similis
252 4379 338 4440 snper
357 4382 457 4440 aquam
476 4370 562 4424 strata
582 4369 631 4423 est
843 4382 909 4421 nam
928 4364 1003 4421 fossa
1015 4360 1090 4428 fluit;
1111 4360 1188 4449 Dels,
1209 4358 1239 4417 [ι’.
1253 4358 1317 4418 dael.
1339 4359 1442 4450 Contu

171 4435 223 4496 nat
250 4437 379 4516 quaedam
407 4442 569 4500 oeconomiae
588 4442 634 4500 lex
653 4440 749 4500 innata
823 4382 916 4507 hue,
942 4438 1016 4496 fossa
1037 4438 1127 4495 fluens
1147 4454 1219 4495 carce
1238 4434 1338 4494 urbem
1357 4435 1442 4496 Fuer-

152 4531 190 4574 ua
209 4516 308 4592 genius
327 4517 433 4594 lingnae
452 4516 521 4576 duas
535 4516 660 4594 ejusdem
674 4517 749 4576 vocis
823 4536 883 4575 cam
902 4514 1067 4572 Wotdercum
1082 4512 1164 4572 hodie
1183 4514 1316 4571 Worknm.
1335 4513 1441 4589 Angs.

132 4532 235 4654 iormas
262 4598 294 4651 ut
319 4595 379 4652 atae
403 4600 431 4652 et
450 4594 501 4652 delo
519 4594 634 4653 adhibet
653 4594 689 4652 ad
709 4593 750 4653 di·
822 4593 887 4667 dats,
907 4610 923 4649 a
943 4590 1035 4661 ditch,
1058 4590 1222 4650 achauneh
1241 4589 1353 4649 Halliw.

133 4687 225 4730 versas
252 4669 377 4747 ejusdem
399 4669 529 4731 thematis
548 4671 677 4732 notiones
695 4670 749 4748 eig-
784 4668 1025 4737 decla-fiune,
1057 4686 1098 4744 cg.
1125 4685 1191 4744 ager
1216 4685 1337 4745 paecuus
1357 4666 1439 4743 juxta

131 4747 291 4809 niticuudas.
822 4744 948 4806 eanaiem
968 4743 1171 4820 Readtsjerkae,
1194 4742 1263 4804 nu.
1283 4743 1439 4819 Mart,

1321 4839 1359 4899 41

131 3977 216 4035 ander
240 3978 270 4037 di
289 3980 411 4051 uecta,
438 4001 501 4058 quae
528 3981 574 4040 die
600 3982 750 4060 acquirunt

133 4071 273 4186 pauperes
288 4056 341 4114 snb
355 4063 466 4117 uootem
479 4059 537 4117 sere
551 4059 661 4138 dilapsa
673 4064 749 4118 sunt
