3256 5310
170 207 243 270 'tn

432 360 604 421 DONDEB.

225 483 241 510 „
252 439 343 510 Dooa,
359 443 441 497 retus
455 438 583 515 Campin.
598 436 668 509 aito,
687 438 797 508 statim;
817 441 845 496 et

224 534 325 594 prope,
355 514 446 575 mox.''
474 515 532 575 Kil.
561 515 680 575 Colonia
709 514 845 573 Hiudelo·

224 591 353 670 pensium
379 592 408 650 in
427 591 521 651 insule
540 591 613 650 diota
634 590 784 669 campensi
804 591 847 664 ('t

224 671 344 745 Kamper
368 668 484 737 Eilorrd)
511 669 613 728 multas
639 668 669 726 in
696 687 729 727 eo
753 671 845 726 traetn

212 746 339 823 'reliquit
364 764 445 805 voees
470 744 599 805 Frisieas.
632 743 708 804 W.o.
727 745 759 802 air
775 744 845 820 prun

224 823 291 880 licta
307 821 361 881 dria
381 843 416 881 arr
435 821 507 892 doit,
526 821 557 880 F.
577 842 608 880 ua
623 820 694 898 prtia
713 821 760 879 leit
779 821 846 880 deun

224 898 258 957 da
282 898 331 957 dot
355 899 424 971 sat,
450 898 483 958 E.
507 898 531 959 1.
552 901 603 969 90,
629 897 732 956 fundus
752 904 846 956 noster

224 975 289 1034 huie
311 995 378 1051 agro
397 975 545 1052 eontiguus
565 980 616 1035 est.

1472 203 1549 266 “112

1126 356 1290 416 notuerit.

914 435 1053 572 affigo.
1085 433 1551 575 fiuhffihiufifflifi

915 532 1155 666 dlausdqidyaqda
1168 532 1321 646 ebdlliente
1335 587 1550 673 coquebantur,

919 671 952 724 ut
977 665 1061 724 hodie
1086 665 1294 756 oppidanorum
1320 667 1455 726 auk-keah.
1485 668 1549 727 An·

920 743 1029 819 giorum
1043 743 1167 818 puddtrp
1187 760 1300 819 proprre
1316 746 1359 800 est
1371 747 1476 820 pantex
1490 745 1548 803 lar·

920 825 966 878 tua
995 819 1068 878 farre
1098 824 1126 878 et
1155 817 1238 876 variis
1266 818 1436 890 estulentis,
1468 819 1546 880 inter

941 914 984 954 uae
1021 914 1084 954 urar
1142 915 1211 955 assae
1244 914 1307 955 raro
1340 893 1547 957 desiderantur.

918 915 1042 1050 daddinp
1059 978 1101 1031 eat
1115 915 1270 1031 derivatum
1284 971 1360 1031 roais
1372 971 1443 1032 Fris.
1453 974 1542 1048 pade,

185 1051 364 1123 DONDttR,
384 1070 426 1128 eg.
445 1053 510 1113 aa.
529 1051 651 1123 tonitru,
670 1051 711 1110 Di
727 1050 847 1111 desider!
920 1051 1057 1108 saeculus.
1076 1048 1257 1124 AugNorth.
1264 1049 1412 1125 prrddiapa,
1426 1049 1544 1111 viseera.

225 1148 275 1206 per
294 1128 404 1188 Joveml

186 1203 449 1276 donder·bard,
462 1206 528 1266 uo.
541 1203 639 1264 sedum
657 1205 760 1279 majus,
774 1225 846 1264 sem·

224 1281 758 1418 ti‘adfiit.¹fiifihl“u⁰hfit¹t
780 1281 847 1418 “fii

222 1435 350 1495 tuismet.
379 1435 483 1496 Confer
498 1435 556 1495 Kit.
569 1435 775 1506 dunler-tuerat,
815 1435 846 1494 ui

224 1517 297 1572 errat
322 1513 353 1572 in
371 1531 423 1571 sua
444 1511 643 1588 originatione‚
667 1511 781 1585 „barba
795 1455 846 1571 do·

223 1588 265 1647 ria
284 1607 312 1667 q.
332 1590 360 1649 d.
380 1588 468 1648 barba
487 1588 638 1648 tonantis.”

185 1662 458 1736 donder·stien,
502 1665 568 1724 Eu.
607 1664 679 1742 lapis
717 1663 846 1723 meteori·

224 1760 273 1799 eus
304 1741 467 1800 vehemente
492 1740 551 1800 ictu
577 1740 612 1798 de
638 1741 709 1800 eoelo
736 1740 845 1801 audens.

224 1817 438 1877 Exaeratiouem
457 1817 544 1888 valet,
569 1817 646 1888 Wut,
665 1816 844 1889 donderatien,

224 1893 317 2028 iqdmy
341 1893 409 1952 dut!
437 1891 575 1952 iurabant
599 1900 707 1953 veteres
733 1913 784 1973 per
806 1895 845 1953 la·

244 1988 313 2029 res.

223 1988 243 2046 Ρ
262 2045 319 2105 Pro
344 2045 445 2107 aare
468 2047 593 2106 homiues
614 2045 688 2125 frugi
708 2052 736 2106 et
755 2046 845 2107 sedati

223 2124 501 2260 tt'pt'hlfi‘t
522 2123 844 2261 tutata

261 2219 291 2259 rn
329 2244 337 2259 .
390 2245 397 2260 .
447 2220 514 2271 rea,
568 2219 648 2272 ner,
699 2221 712 2260 a

215 2276 404 2354 jildsorapile
422 2278 473 2337 iad
481 2278 594 2354 ferret?
807 2221 844 2280 yn

184 2350 385 2452 depherslr,
411 2354 466 2447 adj.
487 2355 558 2445 Itis
577 2354 720 2446 doakoat,
747 2354 796 2414 aar
814 2354 844 2413 di

184 2429 544 2578 odirri'dia,⁰p1dii‘ddi,d
554 2450 641 2566 prpe.
651 2506 761 2566 veretur
789 2525 841 2584 pro

221 2583 344 2661 thunper,
364 2584 512 2660 Tungrua;
533 2583 649 2674 Tungri,
668 2583 733 2643 Tae.
748 2585 842 2644 Germ.

221 2658 260 2718 ΙΙ.
277 2679 343 2737 aar.
369 2660 452 2719 lectio
480 2661 612 2736 lharprr,
639 2659 716 2719 natio
739 2659 841 2720 nobilis

220 2735 296 2794 inter
308 2737 475 2808 Germanos,
488 2756 505 2796 a
517 2737 614 2795 Tacito
627 2737 730 2814 saepius
744 2737 841 2808 citata,

221 2813 322 2872 areolae
355 2813 447 2873 Rheni
478 2813 625 2873 inferioris.
668 2814 772 2891 Tunger
801 2815 842 2872 in·

221 2888 337 2965 scriptio
365 2889 441 2967 apud
468 2890 617 2948 Gruterum
645 2891 709 2949 834.
729 2893 756 2949 8.
784 2889 842 2947 No·

221 2964 283 3023 titia
297 2962 374 3042 dign.
394 2964 482 3023 oeeid.
502 2984 563 3041 cap.
583 2969 619 3024 38
640 2971 775 3024 memorat
796 2983 841 3023 eo-

221 3039 330 3097 hortem
343 3042 523 3129 Batavorum,
545 3042 710 3117 direptorum
722 3047 749 3098 et
762 3040 841 3128 Frie-

220 3114 749 3266 iidrirrdniorffindr'ievddnutldrp)(wssads.hid
768 3135 842 3267 inid)

221 3268 468 3343 Diope-From,
491 3266 575 3327 Frisii
594 3267 785 3344 Tungraness,
811 3270 839 3327 in

220 3348 300 3421 parte
328 3343 435 3403 boreali
464 3342 561 3405 Frisiae
590 3345 744 3416 hodiernae,
777 3365 841 3424 quae

218 3420 398 3498 Degere-del
428 3420 546 3492 dieitur,
578 3425 607 3481 at
635 3420 724 3482 divisa
748 3422 840 3482 estin

882 1124 1053 1197 DONGJE,
1095 1141 1228 1196 aurern,
1268 1126 1348 1185 vhe.
1386 1131 1544 1186 stereorare

921 1205 1042 1280 (agrurn)
1063 1222 1143 1280 praes.
1162 1203 1192 1260 it
1210 1202 1319 1280 daupja,
1338 1203 1408 1279 perf.
1426 1203 1543 1282 duappe,

920 1300 948 1357 p.
962 1299 1042 1356 praes.
1062 1278 1220 1357 demenda,
1240 1297 1297 1355 ger.
1317 1278 1338 1336 d
1381 1280 1443 1353 jen,
1459 1299 1488 1359 p.
1498 1280 1543 1415 pf.

920 1357 1012 1432 duppe.
1045 1358 1108 1415 Ru.
1128 1356 1238 1433 donpio,
1258 1356 1332 1433 ppl.
1385 1357 1473 1433 apadr
1517 1361 1545 1416 et

919 1434 949 1491 rr·
968 1432 1017 1492 den
1036 1435 1111 1492 aeter
1130 1432 1249 1509 donqad
1279 1451 1377 1509 agrum
1396 1432 1421 1491 si
1440 1438 1544 1493 eteroo·

921 1508 1001 1569 ravit.
1028 1510 1095 1586 Age.
1108 1509 1224 1585 lygon,
1243 1513 1408 1581 stereorare,
1442 1510 1544 1588 repe

917 1585 996 1662 aede,
1015 1587 1088 1662 nus·
1115 1585 1225 1663 dued-
1254 1588 1325 1662 Ana·
1353 1589 1380 1644 a
1423 1606 1483 1663 aa·
1502 1618 1544 1634 -

920 1663 950 1720 D
967 1664 1033 1737 fige.
1053 1663 1147 1720 forsan
1173 1661 1316 1722 oriebatur
1338 1681 1374 1722 eu
1393 1663 1422 1721 ta
1440 1661 1471 1721 in
1491 1664 1542 1724 ist

920 1740 1018 1814 ibuapr
1042 1737 1096 1814 adj.
1116 1738 1216 1814 gravis.
1244 1738 1290 1798 Er
1309 1739 1369 1798 Lat.
1385 1739 1478 1815 paria
1498 1744 1544 1799 est

916 1814 1031 1892 provido
1042 1815 1151 1890 semino
1159 1842 1170 1884 ,1
1189 1816 1324 1890 seminam
1336 1814 1478 1892 pauidam
1489 1819 1544 1892 sa·

918 1910 984 1951 aere.
1025 1891 1091 1951 Eu.
1120 1911 1215 1961 auser,
1248 1892 1339 1968 gravis
1369 1894 1397 1950 et
1425 1892 1543 1968 gravida

918 1968 1053 2045 (femina)
1081 1969 1151 2028 inde
1168 1969 1288 2047 eryngen,
1307 1969 1338 2029 F.
1351 1968 1387 2026 da
1416 1970 1459 2042 je,
1479 1988 1543 2045 gra·

918 2045 1012 2105 ridare
1032 2050 1135 2105 terram
1154 2048 1234 2116 fimo,
1254 2046 1314 2106 Lat
1333 2046 1366 2104 1oe
1383 2046 1389 2059 '
1409 2063 1472 2104 aare
1489 2050 1542 2105 ter·

916 2141 994 2191 ram,
1022 2124 1157 2192 letamen,
1187 2122 1278 2182 fimus.
1313 2121 1420 2180 Eidem
1450 2122 1542 2199 figura

920 2198 1012 2258 Latini
1045 2199 1200 2276 loquuntur
1230 2198 1264 2258 de
1295 2202 1367 2257 terra
1428 2199 1542 2258 aridate

917 2275 1065 2335 seminibus.
1094 2275 1179 2354 Apud
1199 2274 1366 2352 Virgilium,
1415 2275 1540 2346 vidium,

916 2351 1098 2429 Pliniumque
1113 2352 1206 2430 praeis
1226 2351 1323 2411 eadem
1343 2355 1384 2410 est
1402 2370 1466 2430 quae
1479 2372 1542 2429 gra·

917 2428 988 2488 vida.
1017 2431 1123 2505 Danpje
1148 2429 1219 2488 adeo
1246 2447 1297 2505 pro
1320 2427 1361 2487 rio
1388 2447 1472 2487 sensu
1497 2435 1541 2489 est

916 2504 1060 2580 gravidam
1073 2505 1201 2575 reddere,
1216 2448 1380 2576 secundare,
1395 2507 1540 2578 struatis,

916 2586 1087 2653 stercorare,
1122 2600 1206 2659 quarn
1245 2581 1453 2641 distinctionem
1487 2582 1540 2641 rite

916 2657 1065 2717 observant
1091 2664 1202 2718 autores
1221 2657 1279 2720 Hd.
1299 2658 1349 2718 Ex.
1390 2660 1455 2734 rja
1474 2659 1540 2718 erar

915 2735 958 2793 ein
989 2736 1063 2806 mist,
1090 2737 1121 2810 je
1156 2735 1268 2812 weniper
1295 2753 1326 2794 er
1372 2755 1390 2792 a
1425 2738 1451 2805 t,
1481 2754 1539 2870 quo

916 2812 1050 2871 uetustior
1086 2814 1168 2871 fimus
1206 2832 1238 2871 eo
1272 2811 1364 2871 minna
1409 2830 1480 2870 eeun
1501 2816 1538 2872 at.

915 2887 987 2946 Vide
1017 2888 1112 2947 looum
1141 2888 1219 2965 apud
1249 2889 1298 2949 Gr.
1327 2888 1395 2947 Lex.
1421 2888 1538 2966 dimas,

918 2963 999 3021 1531.
1042 2963 1114 3022 Cum
1147 2965 1256 3024 novalia
1290 2964 1396 3024 inculta
1428 2965 1538 3041 jaceant

916 3038 1083 3098 obeundam
1103 3040 1240 3099 rationem
1260 3060 1316 3117 qua
1335 3045 1537 3114 stercorantur,

915 3114 1035 3185 scilieet,
1062 3121 1095 3173 ut
1114 3114 1192 3174 humi
1211 3117 1253 3175 vis
1274 3122 1302 3174 et
1320 3118 1478 3178 teounditas
1490 3138 1538 3178 an·

914 3196 1051 3268 geantur,
1067 3193 1174 3252 laetum
1194 3198 1250 3264 est,
1270 3193 1347 3272 qnod
1365 3196 1433 3272 Aga.
1446 3195 1538 3273 diaep,

915 3274 975 3327 tum
1007 3270 1120 3342 fimum,
1152 3277 1215 3329 tum
1247 3290 1347 3348 agrum
1379 3291 1409 3331 re
1430 3271 1538 3331 nietam

914 3346 973 3405 sire
992 3347 1092 3406 novale
1111 3352 1198 3408 notet.
1233 3348 1389 3409 Columella
1411 3291 1429 3408 i

1423 3369 1439 3408 ο
1460 3350 1538 3409 uitur

915 3423 950 3483 de
960 3425 1070 3498 fenore
1088 3426 1241 3486 cessationis
1260 3446 1393 3487 arvorum.
1441 3369 1459 3428 q

220 3498 299 3558 llari·
330 3502 358 3557 et
390 3496 645 3576 Wartdonperadll,
676 3499 840 3560 orientalem
875 3501 904 3561 it
930 3500 1109 3579 dungjen‚
1135 3523 1162 3563 n.
1188 3504 1359 3564 stercoratio.
1388 3505 1456 3580 Agr.
1475 3503 1538 3563 dia·

177 3611 178 3615 =
218 3580 247 3635 et
260 3574 462 3635 occidentalem
475 3581 596 3654 partem,
601 3595 681 3711 lquor
695 3576 841 3711 apparabat
910 3577 1003 3657 ptura.
1022 3581 1096 3656 Aug.
1114 3579 1240 3656 duafiap.

217 3651 466 3714 rivulnsPeasens.
487 3653 590 3712 Confer
625 3656 691 3713 first.

219 3728 342 3799 Grimm,
372 3728 473 3788 Gesah
502 3729 538 3790 D.
564 3729 681 3808 spraehe
707 3729 746 3790 11.
774 3729 839 3792 788.

216 3802 302 3864 Forte
322 3805 378 3864 huo
397 3805 519 3882 pertinet
536 3825 638 3865 nomen
653 3805 839 3876 lirae-werd,

216 3884 316 3959 postea
337 3882 519 3952 Tanau-ueri,
540 3882 624 3942 hodie
645 3882 783 3942 l'onaod
800 3881 839 3939 vi·

216 3977 267 4017 ons
286 3956 432 4017 Westdon
453 3957 579 4019 eradelae.
599 3960 688 4019 Fiirst.
701 3958 739 4017 H.
756 3958 838 4017 14111.

177 4034 404 4098 DONGERePO
448 4034 544 4107 OHE,
576 4037 680 4095 fartum
712 4037 837 4094 veterum

213 4111 385 4183 Frisiorum
397 4130 525 4172 omasum
539 4112 642 4171 fartum
655 4130 753 4182 corne,
766 4109 836 4182 libo,

757 3656 840 3714 1414.
875 3654 984 3730 dung,
1015 3654 1125 3730 dong,
1154 3673 1196 3729 eg.
1221 3654 1311 3711 fimus.
1343 3652 1411 3726 Age.

913 3731 1002 3805 diaip,
1022 3730 1094 3804 Aug.
1112 3728 1197 3804 dung,
1221 3726 1300 3784 Nur.
1315 3654 1536 3803 duumddddie'

912 3808 1042 3863 mest-
1061 3801 1310 3877 Sruietmdurrp,
1333 3800 1406 3877 Aug.
1426 3802 1534 3861 Wetue
1611 3833 1615 3839 ·

912 3879 1002 3949 muel,
1029 3878 1094 3936 fimo
1121 3881 1232 3937 recente
1258 3874 1403 3938 madidior.
1426 3909 1466 3924 -·
1485 3881 1535 3938 Ierr

910 3975 971 4016 rear
1006 3953 1090 4032 drap,
1125 3959 1201 4013 oerta
1238 3951 1379 4032 quantitas
1408 3954 1467 4013 fimi
1498 3976 1534 4015 ex

932 4030 986 4091 rati
1005 4050 1154 4101 mensura,
1178 4049 1242 4110 qnae
1260 4049 1322 4090 rear
1339 4031 1424 4109 (Aug.
1442 4034 1534 4104 altare)

910 4053 1031 4180 dieitur,
1052 4108 1228 4187 proveniens.

214 4187 276 4250 uris
296 4188 401 4267 persis,
426 4188 501 4248 farre
525 4179 735 4266 similibusque,
758 4205 838 4247 eosn-
871 4187 897 4247 it
911 4186 974 4248 ltn’
987 4185 1121 4263 dongje,
1139 4185 1212 4245 aba
1225 4203 1307 4262 egros
1323 4189 1534 4246 stercorare&-

214 4268 276 4325 tum
305 4266 433 4345 adeoque
462 4265 623 4326 rotundum.
649 4267 703 4326 -lhr
727 4264 836 4342 erqo·

210 4342 317 4418 pulsate
342 4343 366 4401 is
391 4343 435 4402 ierr
459 4360 530 4402 roura
543 4361 643 4419 parare
661 4361 718 4420 may
729 4342 835 4421 stataet,

214 4420 321 4491 laede,
345 4437 469 4496 respirari,
494 4421 566 4479 moal
589 4420 654 4479 ende
680 4439 742 4479 aare
758 4419 834 4493 sold.

213 4494 309 4555 Burm.
330 4498 375 4556 19.
404 4495 501 4557 Simile
519 4497 653 4557 farcimen
673 4496 703 4555 iu
722 4495 835 4573 pantioe

909 4267 938 4324 It
966 4264 1117 4340 mlieris
1134 4265 1183 4339 set
1210 4262 1316 4340 daupja,
1346 4263 1533 4324 eremitorium

908 4342 999 4401 multe
1038 4341 1103 4400 fimo
1141 4339 1332 4415 (cadaverum)
1371 4340 1534 4412 laetificare,

907 4419 984 4554 quod
1010 4415 1112 4478 mediei
1138 4417 1263 4496 imperiti
1290 4421 1338 4476 est
1357 4448 1397 4465 -
1415 4420 1476 4477 Dan
1499 4420 1531 4488 'e,

928 4500 1038 4573 gurate,
1052 4513 1201 4554 exonerare
1215 4493 1318 4554 alvum.
1339 4495 1427 4571 Dily
1441 4438 1533 4571 doffpje

211 4571 291 4632 audit
316 4573 495 4708 torpe-marga
516 4592 611 4651 supra.
640 4572 723 4633 Tales
743 4571 833 4632 rario-
906 4575 994 4644 urat,
1011 4591 1104 4633 vaeeae
1116 4575 1223 4643 starem
1237 4571 1378 4650 liquidum
1392 4571 1532 4632 amittunt

210 4667 274 4707 rum
294 4668 359 4709 esau
371 4655 499 4708 entorum
513 4651 642 4710 mixturae
655 4668 766 4727 semper
775 4648 834 4708 An·
868 4647 1061 4784 bidongje,
1076 4649 1155 4710 rb.a.
1168 4648 1309 4721 latifieare
1322 4649 1388 4708 fimo
1401 4652 1532 4785 (agrump.

210 4723 264 4799 glis
283 4725 314 4784 iu
333 4725 442 4786 delieiis
460 4731 554 4799 erant,
573 4730 605 4786 ut
618 4725 756 4803 padding,
772 4728 840 4821 put-y
869 4724 983 4802 dong-

1015 4726 1086 4797 ult,
1118 4743 1161 4802 og.
1193 4722 1411 4803 sterquilinium.
1450 4725 1532 4802 (He.
