3256 5310
172 243 228 305 8l9

461 393 546 451 lllN'.

213 472 303 532 vicina
331 470 438 548 absque
464 476 496 529 ut
525 489 589 528 aves
614 470 697 528 hasce
723 473 836 529 avertat

142 565 147 576 ·
211 555 285 608 Ante
305 548 413 625 aliquot
430 566 519 606 annos
532 546 645 625 pistoris
658 548 780 606 famulus
794 565 837 605 co·

212 628 277 685 lonc
291 625 428 695 venatori,
450 625 499 701 qni
513 630 554 683 est
568 625 640 682 inter
653 624 728 684 vicos
741 623 837 683 Piaem

212 708 240 761 et
255 703 341 762 Gaest
353 702 388 760 ad
402 702 486 760 maris
500 720 591 772 oram,
611 702 777 779 apportabat
790 720 837 836 pa·

211 799 274 850 ues;
299 778 451 839 illiniverat
477 779 553 855 large
573 797 668 837 ocreas
688 798 753 837 suaa
774 796 836 837 oeo

210 856 384 915 balaenarum
413 854 546 926 rancido,
579 856 658 931 cujus
689 855 774 914 odore
804 860 837 912 ut

210 933 331 992 fulmine
356 933 421 991 ictae
451 932 488 991 cli
509 937 559 991 not
588 937 713 991 centenae
741 936 836 990 anates

211 1031 226 1070 e
240 1012 302 1069 lacu
318 1009 473 1069 evolabant.
489 952 632 1068 i’raeoerea
646 1010 709 1086 lege
722 1013 836 1068 cautum

211 1093 253 1146 est
279 1107 315 1146 ne
341 1087 473 1164 sclopetis
499 1086 528 1144 in
557 1086 658 1145 vicinia
686 1091 834 1156 venentur,

211 1182 332 1243 quornm
353 1164 468 1241 plausus
488 1168 582 1222 anates
602 1163 732 1240 abigeret.
757 1163 836 1222 Colo·

212 1261 265 1300 uua
293 1249 406 1299 venator
432 1240 493 1317 ipse
512 1260 594 1299 ansas
614 1239 730 1298 mobiles
750 1240 836 1298 mulo·

211 1318 322 1377 tralinm
352 1336 493 1376 aeneomm
520 1317 647 1395 implicat
666 1317 763 1375 tanneia
783 1316 835 1375 lin·

211 1396 264 1454 teis
294 1413 330 1453 ne
358 1400 491 1472 strepant
534 1393 646 1473 Apellat
675 1393 778 1452 vitulos
808 1400 837 1450 et

211 1491 311 1550 porcos
330 1470 365 1531 ad
385 1471 585 1549 aqualiculum,
606 1489 661 1529 uon
675 1475 708 1529 ut
720 1489 781 1529 mos
796 1475 837 1528 eat

211 1568 292 1619 voce,
320 1548 369 1607 sed
388 1549 490 1608 fistulae
509 1547 600 1608 sibilo.
630 1548 704 1606 Ante
723 1548 836 1606 iuventa

210 1629 290 1705 septa
309 1626 459 1704 separatim
479 1631 634 1684 transverse
652 1624 743 1702 posita
756 1628 836 1702 septa

211 1703 344 1762 continua
367 1703 510 1780 utrimque
529 1701 625 1761 ambas
645 1700 719 1776 ripas
740 1700 836 1760 introi·

211 1786 256 1839 tus
283 1778 407 1858 decipuli
433 1778 594 1856 cingebant;
625 1777 700 1836 canis
720 1777 836 1836 natabat

210 1857 285 1915 inter
310 1860 405 1915 anates
432 1857 539 1916 cicures
564 1854 717 1914 allicientes
741 1855 836 1933 eisque

210 1934 240 1992 in
260 1933 367 1991 anxilio
388 1941 447 1992 erat
467 1933 502 1992 ad
522 1932 665 1991 ducendas
684 1938 779 1991 anates
799 1933 836 1990 se·

211 2030 255 2069 rac
283 2010 406 2070 curiosas
431 2010 460 2069 iu
484 2009 600 2069 inndum
622 2007 756 2087 decipuli.
784 2009 836 2068 Est

211 2087 279 2146 mibi
312 2087 408 2146 tabula
437 2107 515 2146 aenea
544 2087 643 2146 bamm
672 2086 835 2146 insidiarum

211 2170 305 2234 vetus,
334 2164 413 2241 cujus
440 2164 509 2224 calci
534 2162 698 2223 inscribitur
722 2182 835 2232 versus,

210 2242 256 2301 die
271 2260 322 2318 per
340 2246 367 2300 et
385 2241 498 2301 madias
515 2242 621 2302 annosa
640 2242 669 2299 s'e
688 2242 758 2300 retia
773 2241 836 2299 mol

211 2320 245 2376 lia
274 2319 427 2378 Alleetctcr
456 2339 522 2380 onas
555 2338 619 2378 eoae
645 2338 699 2395 per
731 2317 836 2377 dumeta

210 2400 328 2457 somate.
356 2396 458 2487 Neque
476 2396 522 2455 bic
534 2415 595 2454 moa
608 2400 682 2455 totus
696 2394 835 2465 obsoluit;

211 2477 349 2531 venantur
375 2493 450 2532 enrm
473 2472 588 2551 quidam
608 2479 705 2532 anates
725 2471 835 2531 duobus

211 2547 332 2621 canibas,
346 2551 434 2609 altero
448 2554 571 2621 natante,
582 2549 670 2610 altero
684 2548 835 2608 cursitantc

210 2647 283 2704 pone
303 2632 332 2686 et
350 2631 416 2687 aute
435 2632 522 2706 septa.

249 2703 280 2764 F.
296 2705 359 2775 leda,
380 2724 421 2781 cg.
430 2702 585 2783 snpebkdu,
607 2723 691 2763 cavea
710 2703 768 2763 avis
788 2703 836 2762 do·

211 2781 334 2839 meaticae
362 2782 454 2860 qualis
474 2786 516 2841 est
535 2781 668 2852 luscinis,
697 2780 835 2859 fringilla,

212 2857 366 2929 carduelis,
399 2864 459 2918 caet.
490 2859 536 2918 Nl
544 2879 569 2918 v.
598 2860 700 2928 kouwe,
731 2860 834 2927 kcuwe,

212 2935 278 2993 Hol.
299 2936 367 2994 Ιιοοί.
383 2968 422 2981 -
435 2936 468 2994 F.
482 2938 556 3007 lrcoi,
576 2935 656 2995 va.
671 2937 748 3012 loys,
768 2934 834 2993 Hol.

212 3011 286 3080 kcoi,
305 3010 386 3070 theca
405 3020 534 3089 separata
553 3013 583 3070 in
596 3013 675 3071 naris
689 3031 835 3089 compage,

211 3087 262 3144 ubi
281 3088 370 3145 lectus
388 3096 481 3147 nautae
494 3089 643 3159 sternitur,
664 3088 755 3147 cubile
769 3107 836 3146 nau-

211 3165 306 3222 ticum.
343 3163 391 3222 Nl.
419 3165 617 3242 seleges-kmi,
654 3165 734 3224 ovile.
764 3165 836 3240 Quae

212 3239 353 3318 quomodo
382 3242 539 3302 oobaereant
567 3259 632 3300 cum
659 3247 755 3301 nostro
775 3242 837 3300 loci

211 3318 241 3376 in
261 3317 403 3390 daekooi,
422 3337 478 3378 nou
497 3320 581 3396 hujus
601 3323 643 3377 cst
662 3318 716 3378 loci
736 3319 836 3378 dicere.

211 3395 275 3453 Hoc
298 3413 385 3453 uuum
409 3415 508 3456 moneo
528 3418 547 3455 se
565 3397 594 3456 in
615 3415 648 3455 ou
667 3416 742 3475 saepe
761 3405 836 3455 tran·

212 3471 268 3530 sire
287 3471 316 3530 in
334 3491 353 3547 y
372 3472 431 3531 sire
450 3474 477 3531 s':
497 3494 539 3534 ex.
560 3494 600 3553 gr.
620 3474 669 3534 Nl.
689 3475 835 3542 selouaeea,

212 3548 412 3627 contemplari;
438 3553 559 3624 koucen,
580 3554 699 3620 kccwen,
719 3550 835 3610 mandu-

1476 247 1535 304 880

1157 394 1244 454 cIN’.

911 478 939 532 et
963 471 1121 531 Senonibus
1148 470 1334 531 Brittanniam
1361 492 1537 550 expugnave-

911 556 990 620 runt,
1010 548 1041 608 iu
1061 566 1162 607 novam
1176 549 1295 627 patriam
1309 568 1416 608 morem
1429 551 1535 609 avitum

910 626 1062 686 induxisse.
1092 628 1166 684 Ante
1195 626 1246 684 hos
1271 633 1384 685 centum
1412 632 1439 684 et
1459 630 1535 704 quod

910 704 1036 763 excurrit
1061 721 1148 761 anuos
1177 722 1242 780 pars
1272 702 1370 762 Frisiae
1400 703 1536 780 paludosa

911 781 1034 840 scatebat
1055 779 1159 839 talibus
1174 786 1286 838 anatum
1301 781 1453 858 decipulis,
1472 802 1536 858 quae

911 864 976 935 post
995 857 1149 916 exantlatas
1168 876 1255 934 aquas
1275 857 1491 916 mediterraneas
1509 866 1537 916 et

911 934 1151 1009 diligentissimam
1161 939 1309 1011 pratorum
1320 934 1472 1006 culturam,
1486 955 1535 992 ex·

910 1013 999 1090 ceptis
1018 1011 1128 1088 paucis,
1149 1016 1330 1071 evanuerunt.

948 1096 1019 1164 Aug.
1034 1093 1060 1147 to
1074 1107 1134 1164 acy,
1154 1087 1287 1157 blandiri,
1301 1088 1422 1147 mulcere
1435 1107 1534 1158 manu,

911 1165 1030 1224 allicere.
1049 1163 1152 1223 Todd’s
1164 1164 1301 1223 Johnson.
1335 1167 1424 1234 Oeme,
1444 1167 1481 1223 sit
1492 1168 1536 1223 tle

909 1242 985 1301 duca
1004 1261 1073 1319 upon
1089 1241 1142 1303 aa
1157 1243 1265 1319 flowery
1284 1242 1345 1313 bed,
1364 1242 1441 1301 achile
1460 1244 1480 1299 I
1489 1244 1534 1318 ily

910 1320 1022 1378 amiate
1034 1320 1124 1377 cteeka
1136 1318 1169 1376 do
1182 1338 1237 1394 aoy,
1252 1318 1334 1377 Sbalc.
1364 1319 1408 1378 De
1421 1319 1533 1395 ingenio

910 1397 1071 1466 mulierum,
1086 1399 1116 1453 A
1117 1396 1204 1469 fiolete
1215 1415 1267 1466 ses,
1283 1395 1340 1453 ond
1351 1397 1451 1454 tracia
1465 1400 1534 1453 trust

909 1477 937 1532 to
955 1493 989 1532 ac
1001 1493 1080 1540 mam
1100 1477 1128 1530 A
1139 1477 1247 1531 amarat
1258 1490 1316 1543 sec,
1334 1472 1498 1549 sooaprcud
1508 1474 1538 1546 if

909 1551 969 1626 tlcey
978 1550 1008 1608 be
1016 1549 1097 1627 σοφώ·
1110 1549 1176 1609 Aac
1183 1555 1210 1607 lo
1220 1549 1353 1620 conclude,
1363 1551 1409 1627 say
1418 1551 1535 1607 mistress

909 1627 933 1684 s's
952 1646 1095 1697 awoseca,
1114 1625 1226 1703 Sidney.
1250 1629 1279 1684 A
1294 1627 1370 1686 muer
1379 1626 1533 1703 pancration

909 1704 958 1761 aas
983 1706 1025 1761 tle
1050 1708 1096 1761 art
1114 1708 1140 1761 tc
1160 1723 1207 1780 cop
1227 1705 1270 1761 tle
1280 1703 1384 1780 sunder
1401 1707 1459 1761 sort
1476 1704 1533 1760 into

910 1781 979 1839 their
991 1785 1055 1840 sets.
1071 1781 1126 1857 Bp.
1144 1779 1294 1850 Rainbow,
1315 1781 1425 1839 allicere
1444 1781 1473 1838 iu
1492 1799 1533 1838 re·

909 1857 956 1916 tis.
984 1857 1055 1916 lude
1074 1858 1147 1934 Aug.
1163 1857 1257 1933 decoy,
1277 1857 1396 1928 illicere,
1416 1857 1464 1916 Nl.
1476 1875 1533 1915 oer-

909 1936 1014 2005 lothen,
1034 1934 1096 1993 Lat.
1115 1934 1257 1993 seducere.
1279 1968 1319 1979 —
1338 1934 1369 1994 Il.
1389 1935 1532 2004 eise-lecci,

909 2013 984 2082 keoi,
1008 2032 1052 2067 =
1071 2012 1143 2088 Aug.
1162 2011 1242 2088 deeoy
1253 2014 1308 2086 sor
1326 2012 1420 2081 duales,
1445 2011 1532 2086 deecy.

908 2091 951 2148 De
998 2088 1077 2146 -duoa
1097 2109 1141 2146 =
1159 2088 1191 2146 F.
1210 2089 1322 2147 idle-cist

871 2165 969 2226 eine·
1003 2185 1098 2236 roas,
1118 2186 1145 2224 n.
1166 2166 1258 2224 lemna
1276 2166 1380 2235 minor,
1402 2165 1533 2224 lenticula

909 2242 1040 2320 palustris
1066 2246 1191 2317 (anatum
1219 2246 1300 2318 esca.)
1329 2241 1533 2301 N1.v.enceen-

905 2339 994 2398 9roea.
1021 2320 1052 2380 F.
1067 2321 1285 2389 litteris-troes,
1305 2318 1395 2388 idem,
1415 2318 1530 2386 aecae,

909 2417 983 2457 runa.
1013 2397 1053 2456 Di
1077 2398 1151 2455 dass
1174 2397 1297 2471 stodlerje
1322 2395 1366 2452 vel
1388 2395 1478 2471 pret-sie
1494 2415 1532 2471 yn

908 2476 933 2533 s't
957 2476 1034 2532 Iernos
1053 2494 1108 2545 um,
1136 2478 1231 2532 anates
1251 2470 1364 2531 sorbent
1384 2471 1532 2530 lenticulas

909 2552 1033 2629 agitante
1052 2557 1148 2610 rostro.
1177 2549 1257 2609 ΝΜ.
1277 2553 1376 2620 ernest,
1399 2549 1532 2608 lenticula

895 2627 1051 2719 palustris.
1071 2629 1110 2686 H.
1128 2628 1195 2687 Juu.
1216 2630 1253 2690 2..
1273 2626 1318 2686 ed.
1336 2646 1366 2716 p.
1388 2629 1452 2684 149.
1516 2660 1519 2665 ·

871 2706 1061 2783 erne-pyk,
1090 2726 1117 2764 n.
1147 2704 1244 2783 pullus
1270 2707 1372 2772 anatrs;
1402 2704 1441 2781 pl.
1465 2703 1532 2761 eise·

903 2784 994 2860 piken.
1028 2783 1068 2841 Hi
1097 2782 1169 2858 pulli
1199 2801 1262 2841 cum
1293 2780 1390 2840 tenelli
1419 2781 1475 2838 sint
1504 2785 1531 2838 et

907 2860 995 2936 frigus
1026 2858 1101 2918 haud
1128 2859 1285 2950 patiantur,
1315 2857 1350 2916 de
1375 2857 1433 2915 illis
1460 2856 1533 2915 valet

909 2937 1029 3015 phrasis,
1064 2937 1093 2993 It
1122 2955 1147 2993 sa
1171 2936 1301 3010 eine-pilea
1326 2953 1410 3004 socer,
1437 2933 1531 3011 tepida

909 3032 976 3072 aura
1002 3011 1082 3070 nobis
1109 3012 1197 3082 afflat,
1227 3011 1371 3070 alcedouia
1397 3017 1469 3071 suut.
1495 3010 1537 3067 'N

908 3092 950 3149 ein
970 3089 1022 3146 mei
1033 3089 1129 3164 picen,
1152 3088 1234 3165 (pulli
1255 3093 1383 3147 natantes
1398 3094 1461 3166 post
1474 3106 1531 3145 ma-

910 3173 981 3226 trem
1008 3169 1129 3240 anatem)
1153 3170 1240 3224 mater
1259 3164 1421 3233 ambulans,
1447 3183 1530 3241 quam

909 3243 1014 3302 lamilia
1035 3243 1175 3301 inlautum
1195 3243 1332 3321 sequitur,
1358 3241 1473 3300 minima
1493 3249 1532 3298 te·

910 3326 993 3380 nente
1023 3339 1109 3378 manu
1139 3321 1199 3396 ejus
1229 3325 1342 3380 vestem.
1379 3319 1426 3377 Isl.
1447 3319 1531 3393 pilu,

909 3397 983 3457 Dani
993 3398 1067 3475 pays,
1077 3397 1239 3472 iuvencule,
1254 3397 1356 3476 puelle.
1378 3396 1411 3454 1⁴³.
1422 3397 1490 3471 pyle,
1505 3415 1531 3452 n.

909 3475 1006 3554 pullus
1036 3475 1205 3552 gallinaceus
1232 3476 1276 3533 vel
1303 3473 1456 3542 austerius3
1486 3472 1530 3547 fig.

909 3558 933 3612 s't
948 3554 1016 3629 pyk,
1036 3553 1129 3612 infans
1149 3571 1245 3611 recens
1267 3556 1355 3610 natus.

211 3645 289 3696 ΜΒ
313 3631 440 3698 tmwm,
467 3648 650 3708 componere;
677 3628 709 3688 F·
726 3628 834 3702 swevis,
871 3628 1052 3707 ciue-pyl,
1080 3648 1106 3687 n.
1134 3630 1228 3706 pullus
1254 3628 1351 3686 anatis.
1383 3625 1430 3684 lsl.
1448 3626 1531 3700 piltr,

211 3704 309 3778 koosje,
329 3706 421 3778 stoebe
440 3706 484 3764 vel
497 3712 600 3785 atooye,
620 3710 680 3764 caet.

249 3779 283 3837 In
303 3779 418 3838 lacubus
438 3782 639 3842 Lincolnsbirae
652 3780 737 3871 Angli
749 3781 833 3870 plane

906 3725 1037 3860 Ξιὲίἷιιιοι,
1052 3705 1154 3764 attinet
1167 3724 1263 3764 recens
1276 3709 1372 3762 natum
1386 3703 1531 3772 infantem,

170 3875 171 3878 ¹
210 3855 321 3915 easdem
341 3864 453 3935 ponunt
472 3858 601 3918 anatibus
620 3857 687 3916 feris
707 3857 834 3928 ansrdias,
870 3858 1080 3935 erne-pyllr,
1113 3877 1155 3933 cg.
1189 3862 1280 3933 penna
1313 3855 1401 3930 major
1434 3856 1531 3913 anatis.

209 3952 329 4070 puerum
350 3935 467 4011 effigiem
489 3936 552 3995 vide
565 3934 833 4026 Penuy·Magazinc,

211 4011 343 4103 abac,
367 4014 410 4071 14.
431 4013 519 4084 1835,
540 4013 594 4072 No.
609 4013 677 4082 183,
700 4014 761 4069 184.
789 4009 833 4070 lbr

210 4092 628 4236 laetuslaetus
641 4106 833 4245 attat:

908 3935 955 3995 Nl.
976 3933 1181 3992 eade-asaele.
1211 3933 1299 3991 Saul.
1318 3932 1403 4008 pilea,
1425 3932 1530 4010 plumae

906 4012 1078 4090 pullulantes
1104 4010 1133 4068 in
1161 4015 1224 4068 cute
1244 4009 1386 4088 pullorum
1406 4010 1531 4069 anatiuo·

906 4108 979 4149 rum.
1005 4086 1159 4146 Dithmarsi
1172 4087 1291 4164 pielkea,
1314 4087 1387 4164 pulli
1406 4093 1530 4147 anatum.

906 4167 969 4226 Bul.
989 4165 1043 4224 III.
1063 4167 1128 4223 sla.

210 4242 269 4302 lum
283 4260 380 4302 remus
394 4248 536 4316 namntes,
556 4249 714 4304 venatorem
728 4245 832 4321 cespite
870 4241 1056 4321 eine-pdl,
1077 4262 1118 4317 cg.
1139 4242 1238 4301 lacum
1257 4241 1316 4301 sive
1336 4247 1479 4318 stagnum,
1500 4241 1530 4298 in

210 4319 332 4379 caustico
377 4320 536 4393 munitum
577 4327 720 4401 postremo
759 4323 845 4381 bunc·
907 4341 964 4401 qua
983 4324 1077 4379 anates
1098 4320 1259 4398 frequenter
1279 4323 1384 4378 natant.

210 4403 290 4474 gestu
318 4400 346 4455 et
368 4416 436 4457 soce
455 4405 551 4459 anates
570 4418 655 4491 porro
675 4400 833 4536 propellen-
868 4399 967 4469 dool,
988 4397 1088 4468 doal,
1107 4417 1148 4473 cg.
1169 4397 1277 4455 lacnlus
1296 4402 1395 4474 septus
1408 4394 1530 4454 arbustis

211 4481 276 4534 tem.
304 4473 387 4533 Frisii
412 4474 548 4536 haerentes
574 4498 603 4537 ιιι
627 4477 723 4555 paludi
744 4497 778 4537 ns
796 4477 832 4536 ed

904 4475 934 4534 in
955 4494 1010 4553 quo
1030 4479 1127 4534 anates
1146 4475 1211 4532 ferae
1231 4473 1371 4564 retugium
1384 4478 1529 4550 qnaeruut,

211 4570 274 4610 oras
293 4551 378 4611 maris
398 4551 558 4614 Germanici
573 4555 638 4615 inde
652 4555 687 4614 eb
701 4554 833 4633 antiquis·
905 4553 1035 4612 desinens
1055 4552 1084 4610 in
1104 4551 1213 4621 sinum,
1234 4551 1284 4609 ubi
1303 4555 1460 4627 capruntur.
1481 4547 1529 4604 Nl.

211 4629 289 4688 simis
314 4629 489 4707 temporibus
512 4632 587 4691 bunc
607 4638 738 4692 renatum
758 4650 833 4691 exer·
905 4631 985 4706 Deis,
1015 4630 1054 4707 pl.
1080 4627 1124 4688 vb.
1149 4629 1253 4699 delces,
1279 4626 1388 4694 fodere,
1409 4623 1439 4681 Il.
1459 4622 1529 4679 delle

212 4711 368 4776 cueruntu
405 4724 443 4765 ue
456 4707 608 4769 absurdum
622 4716 665 4769 est
674 4727 832 4788 supponere
905 4706 991 4776 idem;
1011 4706 1074 4783 dolf
1089 4725 1140 4784 par
1159 4723 1304 4782 apocopen
1324 4701 1356 4762 F.
1368 4699 1432 4768 dc‘l',
1454 4697 1530 4756 lacu·

211 4781 460 4856 cantitatos,
490 4784 539 4862 qni
559 4785 629 4846 uniti
650 4805 714 4845 cnm
733 4784 833 4863 anglis
905 4784 951 4844 lus
978 4782 1048 4857 (dcl,
1078 4783 1165 4854 inira,
1191 4779 1335 4854 deorsum)
1360 4776 1467 4848 fossus,
1494 4780 1529 4832 ut
