3256 5310
131 217 185 278 149
1422 212 1477 277 150

379 368 542 430 Brauon.

129 446 298 518 BAERCH,
315 466 357 525 cg.
377 468 477 527 porcus
496 449 527 508 in
547 467 662 525 genere,
683 466 784 524 porcus

166 525 280 585 faemina
316 532 344 583 et
380 545 448 584 mas.
481 526 518 603 pl.
551 527 664 601 harpen,
698 524 784 602 porci.

1069 370 1232 431 BAERCH.

858 446 999 526 apostolos
1025 448 1123 508 Romae
1149 450 1209 508 haec
1234 447 1413 527 parcimoniae
1434 446 1476 508 in·

858 529 1011 584 strumenta
1053 527 1158 603 primos
1198 526 1228 584 in
1268 545 1330 584 oras
1368 525 1476 603 Angliae

167 603 272 661 Eadem
292 603 405 661 notione
422 604 544 678 generali
557 601 696 692 gaudebat
709 601 784 736 apud

858 610 886 661 et
917 601 1015 660 Frisiae
1053 622 1087 660 ex
1123 603 1204 661 Italia
1241 603 1381 672 attulisse,
1419 622 1477 661 non

167 679 728 755 AnglosaronesNerthumbncosherl.ll
743 699 785 736 ar·
859 680 989 754 refragor.
1022 711 1061 722 -
1095 681 1135 738 Di
1170 681 1266 737 donch
1304 680 1384 737 nirdt
1413 683 1474 753 fel.

167 775 216 815 cus
248 757 281 815 V.
319 759 367 825 ll,
395 758 488 831 derpa,
520 757 562 813 vel
595 757 668 813 avirra
698 775 802 825 roorcr,¹

858 759 970 832 (porcus
1006 756 1174 831 pinguescit)
1208 762 1336 814 crescunt
1369 755 1476 814 nummi

167 832 302 910 Vulgata,
333 852 512 909 „porcorum
543 852 616 907 grex.
666 814 802 909 Proprial
858 831 982 909 repositi.

167 910 243 967 notio
264 916 357 967 tamen
378 916 419 967 est
439 909 545 983 majalis
568 909 626 966 sire
647 909 724 984 porci
738 928 783 966 ex·
799 912 802 1013 Ι
819 909 964 975 baerch,
998 930 1012 964 c
1045 909 1115 966 serie
1147 910 1276 986 palorum
1310 909 1473 966 littoralium

166 986 235 1044 secti
281 992 341 1043 lum
372 986 469 1054 maris,
499 992 560 1042 tura
591 985 723 1052 l'aeminae,
753 991 801 1055 ut¹
857 991 953 1042 contra
979 985 1063 1042 maris
1082 986 1219 1062 impeturn
1239 985 1394 1062 procedunt
1413 985 1475 1042 alin

166 1071 244 1138 patet
257 1081 290 1120 ex
304 1062 334 1119 F.
343 1081 367 1119 0.
381 1063 472 1130 borel,
493 1061 608 1135 mejalis.
640 1061 687 1119 Nl.
702 1061 781 1132 (Kil.)
799 1088 801 1105 =
857 1061 941 1119 series
961 1061 991 1119 in
1004 1081 1080 1120 mare
1095 1069 1233 1139 provecto
1246 1062 1343 1131 lauden,
1366 1062 1473 1138 capita,

167 1183 182 1209 ‚,
198 1139 294 1213 barpb,
313 1139 405 1214 berpl,
426 1139 547 1213 mapalis,
568 1157 669 1214 porcus
693 1157 783 1195 exsec·
799 1110 801 1199 l
857 1138 952 1206 dictae,
974 1137 1036 1195 alim
1055 1139 1208 1197 introrsum
1227 1139 1256 1196 in
1274 1158 1403 1212 angerem
1417 1157 1474 1195 ma·

166 1223 211 1272 tus
238 1215 282 1272 vel
308 1215 472 1273 castratus.”
518 1216 617 1272 Restat
644 1214 784 1291 primitiva
857 1215 949 1272 riuum
981 1214 1078 1290 harpen
1103 1216 1193 1273 dictae.
1233 1215 1367 1274 Similiter
1389 1233 1476 1289 porco

167 1292 242 1349 notio
253 1291 515 1367 qu.bnrpe·dippen‚
526 1291 782 1367 porcellifreminini
856 1291 990 1349 Romanis
1011 1297 1069 1348 erat
1089 1297 1117 1349 el
1135 1312 1182 1350 sus
1197 1297 1225 1349 et
1238 1291 1388 1348 colliculus
1402 1292 1476 1348 inter

166 1368 284 1435 exsecti,
305 1369 373 1425 alias
393 1368 466 1441 pedale
483 1369 579 1442 lippae
611 1370 677 1443 rlgs.
690 1368 782 1436 beorh,
857 1368 928 1425 duos
951 1368 1036 1425 aratri
1056 1368 1147 1426 sulcos
1168 1368 1283 1426 vicinos.

166 1465 202 1501 m.
229 1447 300 1521 Aug.
322 1446 500 1519 darton-laoy,
527 1444 650 1518 majalis,
678 1447 781 1519 :lnge
799 1474 802 1537 Ι
819 1444 946 1520 greate
976 1443 1126 1519 bargen,
1155 1444 1193 1521 pl.
1225 1444 1346 1501 brassica
1373 1463 1476 1520 rrapus,

165 1521 260 1595 barela,
287 1521 376 1590 idem,
403 1540 466 1597 quan
490 1522 580 1577 forma
601 1527 659 1577 tota
679 1521 783 1578 Frisioa
857 1521 938 1588 Hall,
972 1521 1015 1580 17.
1059 1522 1146 1597 Rapae
1167 1539 1304 1588 enormes,
1337 1539 1406 1596 quas
1426 1519 1474 1576 bo·

166 1604 223 1664 est3
249 1597 282 1655 ef.
311 1597 398 1655 Ortus
425 1597 528 1656 Vocub.
555 1630 593 1640 -
617 1597 709 1654 litera
729 1597 784 1673 pri-
857 1597 967 1654 tanistn
1004 1601 1103 1655 vocant
1133 1599 1278 1673 rutabapa,
1315 1597 1391 1655 undo
1424 1614 1475 1672 per

164 1674 259 1731 uritivu
283 1694 299 1730 a
327 1675 399 1731 elata
426 1674 460 1731 ad
491 1674 522 1730 ln
548 1681 576 1731 ot
596 1694 622 1742 e,
653 1675 732 1730 bared
754 1675 784 1730 lit
858 1674 1111 1748 agnominationem
1154 1675 1234 1732 fluxit
1266 1673 1475 1749 pratia-harpen.

163 1751 242 1806 beari
261 1754 288 1807 ct
301 1752 361 1824 deep
368 1779 378 1817 ;
400 1749 532 1826 depressis
544 1771 562 1806 a
576 1750 611 1808 ad
625 1769 640 1806 o
654 1752 685 1814 fit
698 1751 785 1807 lorck.
800 1702 803 1799 l
856 1750 1069 1826 plote-lorpes,
1092 1752 1184 1827 magni
1205 1750 1291 1826 porci.

165 1826 264 1884 Forma
283 1828 376 1884 haered
397 1832 538 1885 contracta
558 1833 600 1884 est
620 1847 654 1884 ex
671 1827 784 1896 baruch,
800 1802 803 1869 l
896 1832 937 1883 Ac
947 1826 976 1883 di
985 1828 1179 1904 corporesitum,
1191 1828 1252 1884 MS.
1263 1824 1387 1903 (quaudo
1396 1825 1474 1901 porci

168 1902 257 1960 Alam.
277 1905 378 1977 parada,
404 1924 485 1977 pore·
512 1904 605 1971 borel,
630 1924 662 1960 m..
683 1882 803 1978 porcusl
859 1905 963 1975 volant)
984 1903 1020 1960 ad
1040 1904 1169 1961 calendas
1190 1905 1310 1961 Graecas.
1323 1904 1476 1976 *Barpa-

167 1984 310 2038 eastratus.
358 1981 440 2056 Angli
471 1979 622 2037 secundam
649 1978 803 2055 syllabaml
851 1981 966 2054 sedrrcn
991 1980 1118 2054 (ljerreu)
1134 1983 1224 2058 ficone
1237 1985 1296 2049 not,
1317 1984 1477 2055 (porcorum

167 2056 288 2113 retinent
315 2056 343 2114 in
365 2057 475 2113 burron.
508 2057 539 2113 F.
566 2056 658 2130 prlc
677 2038 803 2123 lovcal
859 2056 952 2133 pinnae
973 2075 1030 2113 non
1051 2057 1155 2131 volant)
1175 2057 1228 2115 boo
1247 2056 1354 2114 accidet
1368 2055 1477 2130 aegerri-

166 2151 248 2208 aper,
269 2132 317 2189 Nl.
337 2133 402 2188 roild
419 2133 503 2204 capo.
543 2135 613 2207 Aug.
635 2133 706 2189 boor.
801 2151 803 2205 ς
858 2133 1008 2207 maa-ny
1017 2134 1064 2190 Ital
1074 2135 1167 2207 lenset
1175 2134 1269 2190 haered
1280 2153 1330 2189 oon
1339 2133 1478 2205 moratum

205 2208 320 2265 Pondus
347 2227 497 2284 porcorum
524 2208 607 2265 Frisii
631 2228 681 2265 suo
703 2207 784 2266 modo
851 2210 1018 2282 sortlrjinnc,
1040 2210 1185 2285 (pinguem
1205 2227 1322 2284 porcum
1336 2208 1370 2265 de
1385 2208 1475 2266 amico

166 2289 337 2361 computant.
347 2286 617 2342 IIoaroierecotatl-on
627 2284 785 2359 dybocrcb?
801 2240 804 2349 l
859 2304 910 2342 suo
931 2285 1046 2342 moritus
1068 2292 1119 2359 est)
1133 2285 1224 2343 effecit
1240 2304 1291 2342 suo
1305 2284 1393 2341 amico
1406 2302 1478 2361 nup·

168 2363 313 2437 Quantum
346 2361 456 2438 pondus
489 2362 570 2435 liujus
600 2381 695 2419 censes
725 2358 804 2419 essel
859 2361 919 2418 tias.
960 2360 1026 2419 Hol.
1046 2362 1098 2434 Ha·
1115 2363 1187 2436 ltcefl
1206 2381 1259 2417 aaa
1279 2361 1362 2432 zijnen
1381 2360 1480 2417 erlend

189 2437 267 2496 orci?
311 2440 441 2495 Seclraticlr
469 2458 553 2512 poure,
585 2437 728 2513 sexaginta
754 2438 804 2495 1i-=

168 2459 298 2583 literam
319 2514 337 2572 i.
358 2534 381 2573 e.
402 2520 514 2573 centum
534 2515 684 2591 sexaginta.
727 2488 804 2587 Pri-l

169 2610 231 2649 mus
260 2611 393 2649 numerus
421 2596 553 2650 centenus
583 2591 664 2647 tacite
692 2591 803 2659 subin-i

97 2723 106 2737 ,
167 2669 312 2744 telligitur.
323 2701 361 2712 —
372 2668 427 2726 alii
442 2669 494 2725 hoc
508 2669 591 2725 modo
606 2675 784 2744 computant,

168 2753 198 2800 ut
232 2745 342 2819 pondus
376 2745 459 2802 uuius
489 2745 582 2801 lateris
612 2745 690 2821 porci
720 2745 785 2802 caesi

167 2821 304 2889 indiceut;
322 2821 632 2894 decurionatum,
651 2821 785 2898 quodque

168 2897 239 2953 latus
269 2898 412 2973 sexaginta
445 2896 594 2961 librarum,
626 2898 644 2954 i.
677 2917 701 2955 c.
730 2901 783 2954 180

167 2973 307 3033 libram.

128 3040 273 3118 bacereb,
304 3052 416 3123 stylum
446 3052 554 3119 loerch,
585 3054 697 3127 (porcus
723 3069 784 3110 coc-

166 3126 234 3199 tilis)
254 3128 397 3185 vasculum
416 3128 565 3202 figulinum
586 3129 663 3205 porei
680 3128 803 3197 torma!

166 3203 245 3277 cujus
271 3203 298 3261 iu
326 3204 409 3262 dorso
436 3204 506 3262 rima
529 3224 579 3281 per
599 3224 683 3281 quam
704 3204 784 3280 pueri

167 3279 324 3357 puellaeque
352 3281 505 3338 immittunt
528 3284 689 3339 nummulos
709 3280 784 3338 dono

165 3363 306 3431 acceptos,
333 3356 420 3415 donec
444 3376 545 3433 porcus
566 3358 690 3435 repletus
712 3360 803 3431 stan-3

166 3432 249 3508 gitur.
279 3432 355 3490 Alias
368 3435 528 3507 apter-ndat,
548 3439 702 3508 spor-pon,
718 3434 783 3490 Hol.
800 3434 803 3481 l

164 3514 301 3584 paorpot,
342 3510 404 3566 Gal.
424 3510 540 3578 tirelira,
568 3511 638 3586 petit
660 3510 784 3567 vaisseau

166 3585 201 3642 dc
228 3593 300 3642 terre
328 3605 393 3643 avec
417 3605 471 3643 une
490 3586 565 3643 seule
586 3587 660 3643 lente
681 3605 783 3661 propre

166 3681 291 3719 asorrer
311 3662 346 3719 de
367 3662 491 3737 largent.
525 3664 596 3737 dog.
604 3682 628 3720 v.
652 3709 666 3731 ‚‚
681 3663 784 3737 larisa

166 3740 227 3806 boa,
249 3759 284 3796 an
306 3740 420 3796 earthen
441 3739 496 3797 box
516 3741 559 3797 lor
572 3739 668 3814 saving
683 3758 783 3816 money
800 3764 803 3819 Ι

166 3815 209 3882 in,
230 3835 261 3872 so
283 3815 440 3884 contrived,
461 3816 521 3872 that
540 3817 587 3874 the
605 3816 667 3874 coin
681 3824 784 3874 cannot
800 3826 802 3857 1

166 3891 200 3948 be
221 3898 268 3965 got
289 3899 339 3949 out
358 3892 476 3949 without
490 3892 622 3968 breaking
637 3893 683 3950 it.”
717 3894 784 3950 Hal·

167 3967 258 4025 liwell.
309 3969 410 4026 Confer
442 3968 567 4027 tabulam
600 3989 718 4037 aeneam,
753 3970 782 4027 in

167 4063 223 4119 qua
253 4063 351 4102 manus
381 4044 572 4122 dilapidatoris
600 4046 700 4103 malleo
728 4044 802 4104 dis-l

167 4119 271 4194 rumpit
294 4120 417 4178 loculum
439 4122 598 4196 liguliuum,
625 4130 657 4179 ut
676 4116 802 4180 nummi*¹

168 4194 317 4271 prodeant,
338 4197 413 4272 apud
426 4198 546 4256 Roemer
561 4199 705 4267 Visscber,
723 4199 783 4255 Sin·
800 4216 802 4235 ¹

168 4290 316 4347 nepoppen
350 4292 376 4347 p.
410 4277 454 4330 39.
507 4274 571 4332 Vidi
605 4275 725 4350 Neapoli
754 4274 783 4330 iu

168 4349 277 4405 llusruo
303 4347 482 4407 Bourbouico
513 4370 561 4407 sex
588 4351 693 4407 loculos
716 4352 802 4423 fign·'

167 4425 240 4482 linos
261 4425 331 4482 rima
345 4426 503 4493 instructos,
530 4427 621 4501 quiin
636 4425 783 4482 ruderibus
800 4420 802 4479 i

168 4502 365 4576 Pompejorum
402 4508 480 4558 erant
515 4503 620 4559 inventi
654 4509 681 4558 ct
714 4491 803 4583 interl

167 4598 236 4654 aluos
264 4598 336 4635 rrnrrs
363 4578 442 4654 isque
469 4579 574 4635 fractus
600 4578 690 4635 adhuc
711 4583 803 4639 tenet?

167 4674 296 4718 nummos
323 4655 487 4731 Vespasiani
515 4675 549 4713 ex
577 4674 632 4712 acre
660 4652 804 4729 (bronze)i

166 4730 195 4788 in
216 4751 248 4788 eo
270 4732 412 4810 repositos.
447 4732 476 4789 Si
496 4731 558 4808 quis
578 4732 663 4809 igitur
677 4731 804 4808 judicatl

859 2457 904 2494 een
917 2439 1033 2495 nieawen
1046 2438 1113 2495 laced
1124 2438 1262 2505 oerdiead,
1284 2437 1368 2495 idem.
1381 2468 1419 2480 -
1431 2439 1479 2512 Hy

856 2516 939 2590 praclt
958 2535 989 2571 aa
1007 2516 1048 2572 ien
1069 2533 1186 2589 rrwopera
1204 2515 1314 2580 decret,
1342 2514 1478 2571 immanes

860 2591 926 2648 citat
940 2591 1073 2648 clamores
1088 2592 1230 2667 querulos.
1244 2623 1283 2635 —
1296 2591 1335 2647 Di
1350 2591 1480 2647 bonodia

858 2669 963 2736 rerich,
977 2687 1061 2744 porca
1075 2667 1167 2726 subal.
1194 2668 1336 2744 Cujusquc
1352 2667 1481 2724 animalis

860 2744 1055 2802 catulitionum
1079 2763 1130 2801 suo
1151 2744 1265 2821 proprio
1288 2743 1403 2800 nomine
1424 2743 1480 2816 sig-

858 2821 973 2878 nificant
984 2820 1076 2878 Frisii.
1098 2821 1199 2878 Confer
1208 2822 1290 2889 loun,
1302 2822 1364 2887 lou,
1375 2820 1480 2889 morie,

858 2898 943 2972 aciep,
962 2898 1020 2966 Ιιίιι,
1041 2902 1100 2955 caut.
1121 2931 1160 2943 ·-
1178 2896 1262 2955 Prov.
1282 2900 1324 2954 Ar
1341 2896 1371 2953 di
1384 2897 1481 2973 harpen

858 2975 909 3032 mci
927 2975 1024 3032 atticen
1044 2974 1121 3033 rinae
1140 2976 1191 3033 rool
1210 2975 1234 3031 it
1254 2992 1326 3049 paea·
1340 2976 1481 3048 saroarje,

859 3051 937 3128 porci
963 3051 987 3108 si
1014 3057 1151 3128 vagantur
1178 3071 1227 3127 per
1251 3056 1332 3128 prata
1353 3057 1481 3108 tenentes

859 3133 980 3186 stramen
1005 3128 1035 3185 iu
1056 3135 1145 3186 rostro
1166 3129 1310 3186 minantur
1330 3128 1400 3184 coeli
1421 3147 1481 3184 mu·

859 3205 992 3262 tationem
1024 3205 1053 3262 in
1082 3205 1169 3282 pejus.
1210 3204 1263 3261 His
1287 3203 1379 3260 verbis
1399 3203 1482 3261 Frisii

858 3281 942 3339 simul
962 3281 1118 3339 irridebant
1134 3282 1266 3355 juvenes,
1288 3281 1337 3356 qui
1355 3280 1481 3337 nondum

860 3358 917 3415 nali
937 3358 1090 3416 octodecim
1112 3377 1198 3415 anuos
1219 3359 1326 3414 lumum
1342 3356 1482 3413 ducebant

859 3453 909 3509 per
933 3435 1045 3509 longam
1065 3435 1186 3491 fistulam
1200 3434 1375 3490 tabaciuam:
1397 3433 1425 3489 in
1440 3438 1481 3489 tc·

859 3511 968 3567 ueriore
988 3515 1070 3566 aetate
1091 3510 1139 3566 has
1160 3510 1273 3567 delicias
1294 3528 1354 3566 esse
1375 3527 1480 3566 nocuas

880 3586 1039 3643 ulmonibus
1073 3591 1101 3641 et
1127 3585 1307 3643 incitamenta
1337 3584 1373 3641 nd
1401 3592 1481 3660 petu-

859 3605 974 3720 lantiam
989 3670 1015 3719 et
1029 3661 1224 3738 pertinaciam,
1247 3661 1300 3718 sibi
1314 3679 1478 3737 persuasum

858 3738 1005 3797 habebant.
1025 3771 1064 3784 -
1083 3739 1207 3813 umoarpe
1226 3739 1320 3814 harpen
1339 3737 1388 3814 dyc
1401 3738 1478 3806 doct,

858 3819 925 3893 (quo
945 3815 1034 3892 magis
1054 3816 1130 3892 porci
1144 3835 1173 3872 se
1188 3816 1313 3873 volutant
1327 3815 1357 3871 in
1374 3833 1477 3882 coeno,

858 3912 891 3950 eo
921 3893 1020 3950 melius
1050 3892 1247 3970 pinguescunt)
1275 3892 1401 3950 homines
1432 3911 1480 3948 ne-

857 3970 993 4045 gligentes
1027 3977 1054 4027 ct
1084 3969 1190 4027 sordidi
1222 3969 1337 4046 pulchre
1372 3967 1478 4034 valent,

859 4047 1018 4103 valetudine
1061 4052 1187 4103 rmstant:
1209 4047 1315 4132 quippe
1338 4044 1411 4100 curis
1433 4063 1478 4100 va·

858 4123 903 4179 cui
929 4128 1002 4179 sunt.
1072 4123 1116 4179 uic
1142 4121 1289 4199 proverbio
1316 4119 1418 4177 alludit
1438 4120 1478 4176 al-

858 4204 948 4254 terum
974 4200 1082 4273 Borpea
1108 4205 1190 4254 matra
1209 4203 1256 4254 crat
1276 4197 1371 4253 oculiad
1391 4214 1477 4263 ware,

860 4293 894 4330 ne
911 4273 966 4331 sint
984 4274 1062 4350 porci
1075 4274 1178 4331 alacres
1193 4292 1244 4331 nec
1259 4270 1478 4340 tumultuentur3

858 4349 1030 4424 ingurgitant
1056 4370 1085 4407 so
1112 4350 1249 4424 lirrrsgine
1279 4356 1307 4405 et
1328 4348 1476 4405 dormiant.

859 4425 955 4501 Carpit
981 4425 1134 4482 desidiosos
1158 4425 1273 4493 divites,
1302 4425 1351 4501 qui
1377 4443 1476 4500 corpu·

860 4502 991 4559 lentiores
1012 4509 1095 4591 atquc
1116 4502 1265 4560 habitiores
1286 4509 1358 4559 sunt.
1378 4535 1418 4547 -
1431 4504 1476 4579 Dp

859 4578 889 4635 di
912 4579 1005 4635 daei-cd
1029 4581 1114 4654 rtnpje
1133 4580 1182 4636 nol
1200 4585 1255 4636 mat
1274 4580 1328 4634 hina
1346 4579 1369 4635 il
1385 4580 1476 4655 pieton

860 4657 985 4725 llere‘aale,
1012 4657 1072 4733 (qui
1093 4664 1214 4714 rostrum
1234 4656 1312 4733 porci
1333 4655 1394 4713 vult
1411 4677 1473 4734 per-

859 4733 950 4791 forare
970 4735 1073 4791 annulo
1091 4733 1150 4808 ojus
1164 4734 1328 4809 grunnitum
1341 4734 1476 4791 sustineat
