3256 5310
154 221 208 283 tls

198 449 261 507 boet
278 450 332 524 sen
358 448 402 526 dy.
432 450 509 524 Dpn,
534 447 564 506 in
590 448 680 508 forma
701 447 818 526 genitivi

194 525 278 594 diaes,
296 524 372 601 quod
387 529 495 584 tantum
509 524 636 585 absolute
649 530 816 603 usurpatur;

198 604 303 660 Waeme
321 602 385 660 noes
403 602 428 660 is
447 602 517 661 dat?
546 603 644 674 Diues,
665 603 755 679 Cujus
775 606 818 662 est

194 678 240 738 hio
259 678 347 737 libor?
367 678 455 738 Tuus.
485 678 565 739 Idem
584 680 659 739 valet
677 679 713 739 da
733 678 769 739 mi
789 685 817 738 et

188 756 295 830 jimme:
323 757 369 814 Ho
395 757 420 814 ia
445 756 493 814 dot
516 757 561 815 Irin
575 756 667 847 part?
693 757 747 817 Dit
764 757 818 813 stile

191 833 215 891 s's
241 833 323 890 mines
348 832 398 891 ind
422 832 499 893 datte
517 833 542 891 s's
554 836 674 909 jammes,
704 834 817 910 qualem

194 928 326 986 agrorum
359 909 538 986 partitionem
570 911 716 969 fecerunta
761 910 816 969 Hie

194 1005 260 1120 ager
280 992 322 1120 estt
341 991 471 1120 penadet
490 987 661 1079 iste-aester.
687 986 816 1122 111515151-

193 1081 218 1121 or
232 1082 266 1121 ur
291 1082 302 1121 s
353 1085 388 1121 an
433 1081 501 1134 anes,
553 1083 642 1136 mmes,
673 1082 703 1122 se
807 1107 816 1134 ,

186 1140 279 1215 jimme
297 1139 344 1198 155
363 1139 407 1198 vel
426 1141 451 1199 s't
469 1083 641 1217 15595555,
653 1083 814 1216 seajimlil.

192 1218 241 1305 Ji.
256 1223 302 1287 tu,
322 1216 439 1293 pluralia
460 1218 621 1308 reuerentiae
641 1216 757 1276 eandem
774 1236 816 1276 ss·

191 1295 617 1447 tlltant'ltlmtp'iallir
634 1295 816 1430 {illibi

192 1447 226 1506 G.
245 1448 270 1506 1.
287 1448 341 1519 joa.
372 1448 426 1506 Pro
440 1448 499 1520 fine
518 1447 600 1506 Frisii
620 1452 707 1506 austr.
714 1449 769 1525 jya.

229 1523 336 1583 Milites
357 1523 489 1596 cruciati,
510 1543 580 1603 quos
600 1523 711 1596 dieunt,
732 1523 815 1584 redu·

193 1618 237 1658 ees
264 1600 292 1658 iu
318 1600 394 1659 Euro
415 1620 461 1659 am
484 1600 690 1660 transtulerunt
709 1601 814 1660 fastuo-

192 1695 250 1736 sam
291 1621 468 1737 orientalium
507 1676 709 1749 urbanitatem,
768 1695 814 1735 uae

192 1751 339 1813 domiuum
365 1755 419 1814 alio
452 1754 617 1832 pronomine
647 1754 757 1831 oompel
799 1772 814 1811 e

188 1829 306 1906 jubebat
338 1850 424 1910 quam
453 1831 590 1890 famulum
620 1832 665 1890 vel
694 1849 814 1890 aereum.

191 1906 262 1965 Inde
301 1907 445 1966 oriebatur
480 1908 597 1985 pluralis
635 1906 813 1979 reverentiae,

192 2002 248 2118 pao
262 1984 401 2044 bominem
412 1985 583 2062 singularem
594 1983 813 2076 compellabant3

205 2060 351 2121 ormabant
377 2061 448 2121 adeo
473 2082 507 2121 ex
527 2081 594 2122 casu
614 2062 730 2139 obliquo
751 2061 815 2139 plu·

192 2137 243 2195 rali
257 2139 300 2210 iu,
320 2139 359 2210 io,
378 2138 409 2199 F.
418 2141 481 2214 jou,
502 2144 549 2212 tu,
570 2145 652 2211 tuus,
676 2144 709 2197 ut
728 2137 814 2216 Angli

111 2273 128 2304 0
193 2234 226 2272 ex
246 2214 313 2291 Aga.
334 2235 400 2275 oasn
419 2215 536 2294 obliquo
555 2218 631 2294 plur.
647 2234 726 2294 peon,
753 2235 812 2287 eoo,

191 2310 277 2350 suum
295 2313 356 2369 you.
386 2295 439 2352 Jou
459 2299 487 2353 et
504 2312 571 2371 you,
591 2295 658 2353 lieet
676 2292 814 2354 attineant

191 2369 361 2445 singularem
379 2370 534 2442 hominem,
555 2375 649 2431 tamen
663 2388 744 2430 suam
757 2369 814 2430 vim

191 2445 330 2534 pluralem
351 2447 560 2507 communicant
581 2466 644 2506 oum
665 2446 751 2505 verbo
764 2445 814 2504 ad·

188 2529 304 2598 Junet03
330 2524 362 2584 F.
377 2527 428 2600 jou
450 2526 547 2583 lawwe
570 2523 645 2593 diem
672 2523 744 2598 Ang.
761 2541 815 2598 you

190 2602 256 2659 have
280 2602 367 2673 dossa.
383 2609 415 2660 tn
440 2601 542 2671 fecisti,
574 2617 755 2678 nequaquam
780 2598 814 2658 F.

185 2679 236 2751 jou
264 2678 340 2738 haste
368 2678 442 2749 dien,
471 2678 545 2766 Aug.
572 2694 625 2753 μου
654 2677 716 2734 nass
740 2674 813 2735 done.

191 2754 253 2814 Gal.
290 2776 353 2814 nous
388 2773 450 2813 avez
477 2756 554 2830 sart,
588 2772 639 2830 pro
677 2751 813 2829 singulari

191 2851 229 2889 ae.
242 2863 282 2878 -
294 2832 358 2891 nv.
379 2850 413 2890 ex
432 2832 458 2889 A
478 2850 499 2890 s.
514 2849 559 2908 pe,
572 2850 636 2902 vos,
656 2828 814 2890 formabant

185 2909 213 2981 ji
233 2915 261 2966 et
280 2910 308 2977 i‚·
321 2910 350 2983 ji
368 2851 594 2985 Hindelopeuses
610 2926 663 2966 usu
699 2911 748 2966 ant
761 2925 813 2984 pro

191 2985 221 3042 F.
242 2985 299 3058 jou.
335 2986 402 3060 Aga.
425 3002 472 3061 pe,
498 2985 570 3061 Ang.
594 3003 628 3061 με
652 3003 727 3061 pur.
747 3001 809 3054 vos,

188 3079 221 3135 pe
239 3062 318 3131 have,
344 3078 394 3118 vos
414 3059 536 3131 habetis;
563 3060 640 3139 quod
657 3067 750 3120 tamen
764 3060 813 3118 ob·

190 3136 302 3195 solesoit
331 3136 359 3194 in
391 3135 535 3195 notionum
565 3135 757 3196 confusionem
784 3142 812 3195 et

190 3213 325 3271 sermonis
347 3211 563 3286 detrimentum
592 3210 650 3272 Fon
669 3213 744 3272 enim
764 3232 813 3290 po·

191 3294 320 3348 testatem
345 3289 495 3367 aequisivit
520 3296 669 3369 utramque
695 3289 812 3383 pluralis

192 3372 220 3424 et
239 3366 390 3457 singularis
410 3367 531 3439 numeri,
555 3387 619 3428 eum
638 3367 670 3426 Il.
700 3387 733 3426 ou
752 3374 813 3426 tan·

191 3450 253 3503 tum
273 3444 444 3521 singularem
463 3446 571 3505 attinet
606 3388 700 3503 Harrei
712 3443 812 3503 melius

194 3523 310 3601 sapiunt
329 3522 497 3593 Neerlmdi,
517 3522 567 3601 qui
585 3540 671 3581 snum
690 3521 761 3598 sing.
776 3521 813 3579 du

190 3619 306 3677 prorsus
329 3599 486 3674 rejecerunt
505 3605 533 3658 et
552 3619 603 3689 pro
623 3606 742 3677 utroque
761 3617 813 3658 nu·

191 3695 267 3735 rnero
298 3680 436 3753 usurpant
463 3677 495 3734 in
523 3677 589 3735 stilo
615 3676 721 3767 scripto
752 3675 811 3749 (555,

191 3752 246 3811 dat.
264 3774 295 3822 a,
321 3753 351 3810 in
372 3772 426 3810 usu
466 3752 609 3812 uotidiano
634 3753 687 3826 «sp,
714 3751 813 3825 datje

191 3835 220 3887 et
241 3848 272 3900 o,
293 3848 364 3905 quas
384 3772 496 3887 voculas
516 3835 609 3887 tamen
626 3831 731 3904 augent
744 3845 811 3886 voce

191 3905 303 3977 diaden,
329 3905 403 3976 -lsi’,
421 3904 562 3976 homiues,
587 3911 619 3964 ut
638 3905 678 3963 eis
691 3902 810 3963 reddant

192 3984 248 4042 vim
278 3983 434 4062 pluralem3
463 3981 613 4060 pal-liedes,
643 3987 672 4041 et
700 3999 811 4058 semper

184 4061 281 4136 jelui,
302 4080 359 4120 vos.

229 4141 383 4216 Postquam
412 4136 529 4214 pluralis
558 4133 722 4194 urbanitatis
752 4141 812 4194 erat

191 4216 333 4275 stabilitus
361 4234 429 4286 usn,
460 4212 609 4290 singularis
629 4231 680 4292 pro
703 4211 811 4273 ratione

192 4299 349 4364 contextus,
379 4292 437 4351 sive
456 4309 594 4350 summam
615 4291 811 4362 reverentiam,

191 4371 249 4431 sivo
276 4370 493 4430 familiaritatem
521 4387 586 4428 oum
612 4367 759 4445 equalibus
784 4372 812 4427 et

192 4448 361 4519 minoribus,
387 4447 445 4506 aive
471 4447 635 4524 despectum
658 4445 812 4522 significare

191 4524 351 4602 incipiebat.
381 4524 459 4583 Deus
480 4532 587 4585 creator
609 4522 708 4583 uniens
728 4522 810 4597 hujus

192 4601 329 4670 universi,
350 4600 394 4660 eni
414 4601 513 4660 similis
532 4619 615 4661 nemo
632 4617 692 4658 esse
705 4602 812 4676 potest,

192 4678 300 4755 respuit
312 4678 452 4755 pluralem
464 4696 628 4745 numerum;
654 4677 700 4735 We
711 4675 812 4745 Han,

193 4753 234 4814 deo
259 4754 345 4816 aare
370 4754 447 4826 tisis,
473 4756 680 4831 paternoster,
704 4751 755 4830 qui
773 4769 811 4810 es.

1451 223 1510 286 755

891 450 1047 510 Vulcanius
1066 451 1096 511 in
1115 451 1211 511 libello
1231 451 1368 510 delibaris
1383 457 1410 511 et
1422 453 1444 511 ls'

896 529 1037 599 Getarum,
1063 547 1092 592 a„
1120 530 1202 588 1597.
1231 527 1317 587 Haud
1342 527 1423 588 aliter
1443 471 1513 592 m

891 605 958 681 Aga.
978 607 1039 677 thu,
1059 605 1143 681 Angl.
1157 606 1233 675 thou,
1252 604 1309 664 Hd.
1323 605 1374 677 du,
1394 606 1512 679 (15155,

890 681 952 741 Ital.
973 687 1015 752 to,
1035 683 1155 742 affantur
1175 683 1268 741 deum.
1297 681 1512 759 Elegantissime
1568 755 1569 758 Ἴ

891 758 943 817 hoo
960 758 1089 833 distinxit
1102 758 1264 832 Petraroha,
1284 758 1335 837 qui
1348 778 1427 818 suam
1441 761 1512 820 Lau·

891 855 965 907 ram,
984 835 1052 894 dnm
1072 835 1121 894 illa
1140 835 1170 894 in
1190 835 1259 895 rivis
1280 839 1352 907 erat,
1372 843 1406 894 ut
1424 836 1511 896 homi·

891 930 955 972 nam
965 911 1067 971 usitato
1080 913 1138 983 eoi,
1151 932 1214 985 vos,
1226 911 1421 991 compellabam
1434 919 1509 991 post·

891 1008 976 1125 qu‘pm
995 994 1089 1049 autem
1106 995 1219 1126 prpirtua
1236 990 1380 1125 strathererp:l
1380 988 1510 1079 attigerat

890 1085 920 1125 se
940 1086 984 1138 es,
1005 1085 1104 1125 eamn
1167 1085 1326 1126 vamrmmo
1381 1084 1507 1125 emsrn.

889 1142 1057 1278 pronomine
1076 1149 1106 1202 ta
1125 1142 1270 1202 affabatur.
1301 1143 1403 1202 Goutm
1428 1187 1445 1215 „
1456 1086 1508 1202 Ἐξ·

909 1218 966 1279 riea
986 1219 1033 1279 del
1052 1218 1154 1280 monde
1174 1219 1204 1278 di
1222 1220 1255 1279 Il.
1274 1220 1307 1279 A.
1327 1219 1363 1278 da
1380 1219 1510 1290 Ferrara,

888 1316 918 1375 p.
939 1299 1008 1369 135,
1028 1297 1054 1356 b.
1075 1299 1088 1373 5
1110 1295 1346 1356 tanseunti.
1376 1296 1510 1356 Boreales

889 1393 974 1433 annm
993 1392 1088 1451 regem
1108 1373 1263 1432 affabautur
1283 1373 1337 1431 thu.
1356 1372 1428 1432 Ibre.
1445 1373 1511 1431 361.

926 1452 989 1510 Duo
1008 1449 1132 1510 solennis
1153 1455 1194 1510 est
1213 1449 1287 1507 inter
1299 1449 1427 1525 equales,
1448 1451 1511 1507 Dou

887 1527 953 1586 tae
970 1547 1031 1603 mys
1050 1527 1208 1602 5555555551,
1227 1543 1287 1582 mor
1305 1544 1365 1599 myra
1378 1524 1438 1582 laea
1450 1530 1508 1596 net,

888 1607 921 1662 tn
946 1603 1015 1662 mibi
1035 1602 1095 1661 ludi
1114 1601 1205 1661 soeius
1225 1620 1270 1671 es,
1293 1619 1348 1658 non
1369 1598 1509 1660 dominus.

888 1681 950 1739 Doa
975 1680 1049 1738 inter
1074 1683 1197 1736 amantes
1223 1677 1253 1734 in
1279 1675 1382 1736 amoris
1401 1676 1508 1752 signifi·

888 1756 1039 1826 ostionem
1059 1753 1146 1815 Poeta
1158 1753 1316 1830 Gijsbertus
1336 1758 1508 1824 mustanter,

887 1853 931 1893 ‘³¹'
951 1853 999 1970 il
1024 1832 1201 1988 5525555
1217 1925 1308 1999 repa„
1328 1908 1413 1997 aaa!

953 1988 1043 2060 ruat,
1063 1985 1099 2045 du
1118 1987 1204 2046 5515555
1220 1988 1265 2044 net
1283 1987 1312 2043 ek
1331 2003 1408 2045 ouen.

888 2083 915 2144 p·
963 2142 1057 2215 Pales,
1094 2142 1265 2218 ronely'esen
1283 2138 1407 2216 itsja'td,

964 2221 1010 2298 Dy
1022 2162 1110 2295 feriit
1127 2220 1171 2276 ee
1189 2237 1231 2276 ona
1250 2218 1297 2276 nia
1309 2216 1374 2292 jad.

927 2295 972 2355 Ad
998 2296 1133 2356 infantem
1160 2294 1332 2363 deamntnm,
1357 2295 1434 2363 Dea,
1456 2292 1508 2352 dou

886 2372 952 2431 baete
977 2392 1038 2450 myra
1054 2372 1169 2447 semire;
1195 2370 1261 2440 dou,
1287 2369 1339 2427 dou
1364 2369 1429 2426 aaa
1447 2389 1509 2446 mys

886 2448 957 2508 bersa
985 2448 1098 2524 Lingua
1123 2446 1181 2505 Hd.
1206 2446 1236 2504 in
1256 2445 1305 2504 tali
1324 2463 1407 2505 sensu
1427 2464 1507 2522 pron.

886 2524 923 2583 du
942 2529 1055 2602 praestat
1073 2522 1180 2582 caeteris
1193 2521 1331 2599 elegantia
1345 2527 1508 2601 penetrante

887 2604 915 2660 et
933 2601 1106 2661 suavissima.

924 2679 988 2738 Dore
1006 2677 1096 2737 aetatis
1137 2675 1302 2737 roveotiores
1322 2676 1507 2754 adjuniores,

886 2760 1016 2833 parentes
1036 2756 1072 2814 ad
1092 2697 1212 2825 liberos,
1242 2759 1388 2831 usurpant.
1426 2753 1508 2812 Pater

886 2833 962 2903 Ass,
988 2833 1064 2892 haste
1083 2832 1125 2890 iera
1136 2831 1252 2908 fredred
1269 2850 1329 2889 moa
1347 2832 1459 2905 ljeaoaer
1478 2849 1508 2887 aa

886 2908 939 2986 dyas
964 2910 1041 2968 leit?
1069 2910 1199 2968 Seilstlou
1222 2907 1276 2984 dyo
1294 2907 1355 2964 atde
1373 2907 1429 2965 ierit
1444 2909 1508 2983 sor·

887 2986 964 3044 ltere?
993 2986 1080 3058 Filia,
1105 2987 1139 3043 Ile
1164 2985 1214 3042 soal
1236 2990 1348 3053 bonae,
1374 3001 1433 3039 mor
1454 3001 1507 3060 yon

885 3067 948 3122 naet
960 3064 1093 3137 sorlitte,·
1117 3065 1198 3120 tuor
1209 3062 1260 3135 jou
1276 3077 1358 3136 penne
1376 3059 1427 3117 soil
1444 3060 1509 3117 Aule

882 3158 970 3274 ent
995 3137 1410 3290 lttrjtltt'tntttt
1427 3137 1509 3270 mili?

885 3292 988 3362 rsnda,
1021 3293 1081 3364 Sir,
1111 3311 1160 3350 are
1187 3294 1234 3348 not
1259 3309 1313 3369 you
1332 3309 1375 3366 my
1387 3289 1509 3362 satha?

886 3368 1041 3447 Prospero,
1070 3371 1127 3447 my
1151 3369 1253 3426 mother
1275 3387 1329 3426 roas
1348 3385 1460 3442 apeeee
1478 3370 1515 3442 of

885 3451 988 3516 sertae,
1021 3445 1077 3505 and
1106 3447 1151 3504 ate
1182 3443 1245 3503 aoid
1276 3446 1339 3503 5555
1368 3447 1439 3502 wart
1466 3463 1509 3520 my

885 3522 1022 3601 daughter.
1050 3524 1092 3582 M.
1111 3522 1201 3581 Biana
1219 3523 1269 3597 jou
1295 3541 1356 3600 mys
1378 3522 1433 3580 aeia
1451 3526 1508 3591 net,

885 3599 980 3660 Beer?
1026 3599 1059 3659 P.
1087 3602 1151 3676 Dpa
1179 3617 1245 3657 mem
1272 3599 1338 3658 soler
1366 3597 1397 3656 di
1425 3597 1512 3676 deopd

885 3679 976 3747 selme,
1005 3676 1055 3736 ind
1080 3678 1128 3750 tja
1156 3678 1210 3746 sei,
1238 3675 1291 3734 dou
1319 3675 1422 3734 tolerate
1448 3694 1508 3754 mys

885 3753 1000 3812 molter.
1030 3753 1138 3813 Frisios
1159 3760 1241 3831 pater
1259 3753 1295 3811 ab
1314 3753 1411 3829 ignoto
1424 3752 1509 3810 inter·

886 3834 1002 3905 rogatus
1022 3849 1058 3890 au
1078 3836 1171 3891 astans
1213 3849 1264 3889 uer
1283 3830 1342 3906 ejus
1363 3829 1399 3888 sit
1418 3827 1507 3897 filius,

885 3907 1183 4044 mtttttttpll
1202 3904 1510 4044 latrabat

885 4061 1022 4133 hominis,
1047 4081 1133 4141 quem
1152 4004 1287 4133 affantul,
1309 4062 1411 4139 auique
1432 4064 1513 4120 oaete·

885 4157 950 4198 rum
969 4138 1073 4199 debent
1093 4136 1512 4216 plun'numerum‘urbauitatis

885 4216 930 4275 vel
943 4217 1116 4277 reverentiae.
1141 4217 1204 4278 Deo
1216 4217 1372 4293 streupert!
1384 4219 1417 4272 tu
1430 4233 1513 4293 spur·

886 4293 977 4352 oifioel
999 4294 1061 4351 Dou
1071 4294 1234 4370 palpabant!
1253 4300 1286 4352 tn
1299 4290 1426 4351 suroisert
1446 4292 1509 4347 Bou

884 4371 985 4430 maela!
1027 4370 1073 4430 'lu
1106 4369 1227 4429 nebulol
1267 4367 1403 4427 Similiter
1434 4368 1510 4439 Aug.

884 4449 1011 4518 haunt,
1036 4448 1147 4523 eatpfal
1176 4447 1246 4504 Dost
1271 4445 1334 4502 rma
1359 4443 1422 4499 thou
1447 4439 1510 4499 me?

962 4524 984 4581 I
997 4542 1040 4580 am
1059 4541 1130 4581 come
1147 4524 1182 4596 os
1194 4518 1265 4596 qood
1282 4520 1395 4595 tyana

884 4597 983 4676 Hyele
1002 4600 1129 4659 Soomar.
1141 4596 1267 4655 Johnson
1280 4599 1307 4652 to
1320 4595 1390 4652 nou.
1411 4590 1505 4651 Chris-

884 4676 957 4735 ofer
975 4675 1103 4746 lieston,
1123 4670 1305 4732 oanoellarius
1326 4669 1429 4745 reginae
1448 4669 1506 4729 Eli·

884 4751 1020 4823 sabatha,
1050 4751 1134 4811 bomo
1162 4766 1285 4821 crassus,
1315 4765 1377 4807 reos
1401 4745 1505 4826 perdu-
