3256 5310
129 222 183 283 stt
1420 217 1482 280 676

390 371 528 432 BUTER.
1087 368 1223 429 BU'le.

170 452 252 520 sium,
266 455 292 508 et
303 450 437 509 Italorum
453 456 518 509 unte
529 449 674 527 butyurm,
687 448 792 520 arvina,
828 446 1040 518 buter-lin,
1060 467 1092 509 n.
1107 452 1187 525 prata
1206 445 1304 525 butyri
1323 446 1443 507 feracia

170 528 420 597 utansmeren,
440 545 562 604 ungere,
584 531 676 586 estat.
695 545 790 597 amca,
828 523 1105 600 buter-ljitslre,
1135 543 1163 584 n.
1190 523 1265 583 idem
1292 523 1371 602 quod
1400 525 1496 584 turn·

170 605 264 682 adeps.
295 606 401 663 Forsan
429 623 463 662 ex
490 606 557 663 aske
582 604 707 662 manavit
730 622 790 662 ver·
864 604 935 659 lsoer.

169 681 237 739 bum
258 681 288 738 F.
309 685 397 752 ontje,
419 679 495 757 quod
515 699 600 757 supra
614 683 694 754 (lus)
708 679 790 739 retuli
827 675 1118 746 buter-muller,
1144 695 1185 766 cg.
1211 696 1275 754 quae
1299 683 1383 755 parat
1405 678 1496 758 buty-

170 757 206 814 ad
227 759 326 827 antes,
345 757 536 833 ingemiscere.
566 759 648 830 Astje
662 757 736 815 enim
750 764 792 814 est
865 774 928 813 rum
948 755 1026 829 virgo
1047 753 1091 812 vel
1111 753 1221 813 lemme.

170 834 322 911 parturire,
352 842 381 891 et
407 834 484 891 valet
508 839 616 892 tantum
638 832 673 890 de
694 851 790 902 vacca,
826 830 1078 908 buter-print,
1112 849 1153 905 cg.
1188 832 1258 907 Aug.
1292 830 1494 908 burm-prist,

170 911 216 970 cui
254 909 422 987 parturienti
461 908 560 967 humor
590 910 715 967 viscosus
741 927 790 967 seu

194 987 305 1064 hlegma
325 987 402 1064 adipi
422 985 531 1075 liquido
545 986 636 1044 simile
650 1004 683 1043 ex
698 1003 790 1043 cunno

171 1008 240 1123 iuis.
265 1065 295 1124 Il.
303 1064 386 1142 stite,
408 1063 511 1132 saliva,
523 1063 637 1140 flybkje,
657 1062 789 1131 salivare;

148 1141 218 1218 ul.
238 1160 327 1211 amer,
350 1141 394 1199 vb.
414 1156 531 1209 aeones,
553 1139 636 1197 idem.

133 1218 176 1275 bu
186 1223 197 1274 t
207 1217 347 1288 erbis,
368 1237 396 1276 n.
410 1215 484 1274 aedes
497 1216 527 1275 in
540 1215 643 1293 quibus
656 1215 789 1291 butyrum

191 1299 285 1353 restat.

133 1314 368 1437 bupterboer.
387 1389 428 1446 cg.
443 1370 536 1448 puella
550 1389 585 1428 ex
598 1370 694 1428 infime
727 1367 789 1426 lebe

172 1448 200 1506 iu
226 1447 313 1506 ollula
339 1446 374 1506 ab
401 1453 506 1504 emtore
531 1445 672 1524 accipiens
699 1388 789 1503 liusta

173 1525 327 1599 rejectanea
340 1523 391 1582 but
427 1524 433 1538 '
448 1523 592 1599 explorati.
612 1525 684 1598 Aug.
692 1541 717 1580 v.
731 1522 789 1578 but·

171 1602 323 1659 ter·solores
343 1621 376 1658 on
415 1604 609 1677 oyem-women
628 1602 662 1673 of
677 1599 789 1656 Bittius·
825 1595 1092 1667 beuder·sliw,
1124 1616 1163 1656 m.
1195 1598 1226 1657 F.

168 1683 238 1752 pute.
259 1677 370 1735 Halliw.
391 1676 510 1752 Wrigut.

134 1752 355 1827 buter-jier,
400 1771 428 1810 n.
469 1770 558 1809 annus
598 1750 788 1809 feracissimus

865 907 989 983 sigillum
1009 907 1133 981 ligneum
1151 907 1219 965 flore
1232 906 1277 966 vel
1290 907 1345 966 ulia
1358 908 1492 986 imagine

864 985 951 1042 incisa
963 984 1115 1060 signatum,
1135 984 1212 1061 quod
1226 983 1364 1061 imprimit
1376 986 1492 1045 rustica

863 1060 981 1137 butyro:
1004 1060 1082 1138 quod
1101 1078 1166 1118 cum
1187 1062 1235 1118 list
1254 1071 1370 1120 ornetus
1448 1062 1492 1122 tia

863 1138 942 1196 audit
975 1138 1015 1194 Di
1038 1138 1113 1194 luter
1129 1139 1258 1213 proebe,
1282 1157 1381 1197 ornare
1421 1145 1488 1216 uty·

864 1234 935 1273 rum.
965 1213 1096 1289 Sigillum
1116 1214 1226 1284 rustici,
1247 1214 1297 1292 qui
1317 1234 1401 1292 egros
1423 1234 1492 1293 pas·

864 1311 932 1349 cuos
953 1309 1012 1349 suae
1032 1289 1147 1349 ditionis
1166 1290 1246 1361 colit,
1270 1291 1313 1366 (ll.
1334 1291 1492 1381 eipenierde

863 1370 935 1438 beer,
956 1369 1028 1441 Aug.
1047 1387 1066 1424 a
1076 1367 1248 1442 srecdolder)
1269 1374 1311 1426 est
1329 1368 1490 1441 trifolium,

863 1446 940 1522 quod
959 1448 986 1502 et
999 1443 1119 1519 insignia
1132 1463 1279 1521 procerum
1293 1451 1389 1515 ornat,
1412 1464 1489 1523 quo·

864 1540 925 1579 rum
946 1519 1019 1578 avita
1039 1519 1113 1578 bone
1133 1527 1199 1579 sunt
1218 1521 1278 1657 apri
1297 1522 1406 1612 pascui.

1257 1643 1263 1657 .
1295 1598 1370 1657 rdem
1406 1599 1489 1676 quod

862 1676 1002 1810 puplterpm.
1047 1672 1078 1731 F.
1110 1675 1180 1750 scis,
1213 1674 1324 1746 discus,
1357 1694 1488 1753 segmen.

880 1769 924 1809 o.
965 1795 971 1808 .

171 1830 272 1891 buturi.
315 1828 433 1886 Cultura
466 1845 596 1885 arvorum
630 1827 659 1886 in
693 1833 788 1885 nostre
824 1825 1048 1896 buter-slot,
1070 1847 1096 1887 u.
1116 1826 1183 1887 Ilv.
1202 1827 1341 1887 tributum
1354 1847 1486 1889 annuum

171 1890 261 1962 Frisiis
289 1904 372 1962 bodie
398 1905 563 1981 plerumque
591 1909 633 1961 est
659 1910 788 1982 separata

171 1982 206 2040 ab
220 2001 252 2040 ea
267 1987 425 2058 pratorum,
446 1980 515 2038 adeo
528 1986 561 2038 ut
576 1980 705 2056 agricola
719 1980 787 2050 sint,

172 2059 216 2116 vel
236 2057 410 2127 armentarii,
439 2057 481 2116 vel
502 2064 637 2127 aratores,
664 2075 721 2115 non
741 2077 788 2116 au·

172 2143 229 2193 tem
266 2134 349 2194 umbo
387 2133 480 2192 simul.
527 2133 591 2192 Hoc
623 2153 686 2193 cum
719 2133 787 2192 olim

172 2213 250 2271 fieret
280 2213 308 2271 iu
330 2211 431 2287 Anglia
451 2210 584 2288 antiquus
607 2229 668 2269 mos
683 2211 789 2269 ferebat

171 2293 205 2347 ut
229 2289 436 2348 materfamilias
466 2287 590 2364 pretium
619 2287 713 2364 butyri
744 2305 788 2346 ac·

172 2367 278 2443 ciperet
302 2366 331 2423 in
355 2384 423 2423 usus
443 2365 620 2425 demesticos.
651 2366 789 2436 „Butler-

169 2461 262 2519 penee‚
295 2442 342 2499 the
374 2443 490 2501 fermers
524 2441 600 2499 uites
654 2440 789 2518 erquisite

172 2539 275 2597 money
304 2518 404 2595 gained
432 2518 505 2575 trem
531 2517 578 2574 the
604 2461 662 2576 saie
688 2519 721 2575 ol
739 2518 789 2576 her

172 2595 292 2655 butter.'’
326 2594 431 2653 Similis
460 2613 520 2651 mos
549 2593 585 2652 ed
611 2593 686 2652 huno
713 2592 789 2652 diem

172 2674 248 2750 viget
276 2672 351 2731 inter
376 2671 511 2762 agricolus
538 2670 715 2748 quorundam
743 2689 789 2748 pa·

862 1903 956 1981 butyri
975 1902 1095 1979 templo,
1115 1904 1197 1962 altam
1216 1906 1260 1963 vel
1274 1905 1415 1965 sacerdoti
1428 1906 1487 1965 sol-

863 1980 993 2040 vendum.
1013 1981 1219 2052 Butler-schoa,
1234 1982 1485 2044 distuleras

862 2057 928 2117 Hel.
954 2057 1027 2114 sctot
1051 2078 1083 2116 en
1108 2058 1161 2128 lot,
1188 2060 1282 2118 omnia
1300 2057 1408 2119 tributa
1432 2079 1485 2119 cu-

860 2135 1028 2211 jussumque
1054 2134 1163 2211 generis
1186 2135 1278 2196 simul.
1307 2135 1370 2193 Hoc
1389 2138 1484 2196 tribu·

863 2219 924 2270 tum
945 2211 1131 2289 praestabant,
1152 2211 1196 2270 vel
1210 2218 1285 2271 certo
1298 2212 1395 2290 butyri
1408 2234 1484 2292 pon-

862 2289 929 2346 dere
968 2288 1055 2347 anuui
1093 2288 1138 2346 vel
1177 2296 1254 2347 certa
1282 2295 1362 2367 purte
1391 2292 1484 2351 totius

863 2370 1015 2443 proventus
1042 2365 1128 2422 sonui
1154 2364 1262 2443 butyri,
1288 2371 1322 2423 ut
1346 2385 1381 2424 er
1405 2368 1484 2427 arvis

863 2446 969 2500 certum
995 2459 1144 2501 numerum
1170 2444 1321 2518 mergitum
1340 2442 1399 2517 (Nl.
1416 2464 1484 2520 yor-

861 2522 923 2588 oen)
943 2516 1029 2575 totius
1049 2520 1147 2577 messis
1167 2518 1320 2578 solvebant.
1350 2519 1414 2578 Hoc
1435 2540 1484 2598 ge-

863 2613 916 2653 nus
939 2593 1041 2652 tributi
1062 2595 1138 2672 leges
1158 2596 1221 2655 llo.
1240 2595 1410 2674 posteriores
1432 2616 1482 2657 vo·

863 2678 926 2730 cant
944 2671 1164 2748 duttcrparberey.

172 2769 272 2827 gerum
290 2748 441 2819 Zelandrm,
461 2747 513 2826 qui
526 2747 673 2823 negligunt
685 2765 789 2824 pascua
824 2750 1075 2818 buter-sente,
1101 2769 1143 2825 cg.
1169 2749 1248 2808 naris
1274 2748 1378 2809 vehens
1402 2749 1483 2810 dolis

172 2826 248 2905 quod
282 2846 316 2884 ex
346 2826 386 2883 eis
416 2843 474 2883 suoe
504 2843 643 2883 crumenae
672 2824 788 2901 privatae
863 2823 957 2902 butyri
979 2824 1015 2882 de
1033 2825 1096 2884 foro
1115 2827 1145 2883 in
1166 2832 1287 2903 portum.

171 2904 242 2962 nibil
266 2902 448 2961 emolumenti
470 2900 616 2990 redundat
652 2977 658 2990 .

135 2978 274 3069 buter-j
283 2978 351 3068 ild,
375 2997 402 3036 n.
422 2997 531 3067 nummr
551 2984 659 3053 accepti
679 2977 724 3036 vcl
745 2995 788 3035 ac·

135 3056 380 3207 bucililiniiiiffi
388 3053 505 3205 ινῗῃῖἓο
520 3053 787 3263 iiipyii’mercstor.

172 3209 211 3287 pl.
231 3206 459 3282 buter-kedplia',
479 3207 565 3264 buter·
583 3209 682 3282 stupere.

135 3285 421 3361 buter-kynsen,
441 3303 469 3341 n.
490 3303 537 3341 vas
561 3288 658 3341 teneus
677 3288 786 3361 partem

825 2903 1084 2979 buter-specu,
1117 2921 1159 2977 eg.
1189 2903 1289 2981 spatha
1315 2921 1372 2980 qua
1398 2902 1450 2961 but
1469 2936 1482 2951 ·

862 2997 926 3037 rum
945 2998 961 3035 e
981 2998 1046 3038 vase
1073 2979 1189 3038 raditur.
1225 2980 1289 3038 uo.
1308 2980 1404 3038 botter-
1472 3025 1480 3040 .

862 3058 929 3130 Age.
944 3056 1023 3130 φόνι,
1042 3061 1215 3133 segmentum
1231 3056 1309 3131 ligni.
1340 3054 1370 3114 F.
1383 3075 1479 3133 poss,

862 3132 945 3191 idem.
988 3135 1060 3191 An.
1092 3151 1187 3209 peon,
1221 3133 1357 3191 cochlear.
1396 3133 1480 3193 utv.

861 3229 954 3344 pyram,
970 3229 1019 3268 coc
1049 3229 1103 3269 ear.
1135 3210 1184 3269 Nl.
1198 3229 1290 3286 paen,
1303 3214 1480 3286 segmentum

874 3305 940 3362 ugni.

173 3369 299 3422 octavam
334 3367 427 3419 tonuae
456 3360 558 3438 butyri.
600 3362 705 3437 Kynsen
735 3378 787 3437 pro
823 3363 1118 3433 buter-stilicen,
1144 3363 1183 3441 pl.
1210 3369 1239 3421 et
1266 3363 1369 3421 autres
1387 3363 1479 3435 tuter,

208 3445 295 3509 eben,
315 3438 420 3497 Frisice
441 3455 476 3495 ex
495 3439 606 3515 tysim
637 3437 684 3496 Nl.
692 3457 717 3497 v.
730 3438 788 3496 sis-

205 3519 264 3588 tes,
285 3517 424 3585 discedes,
445 3516 600 3584 vasculum,
614 3520 709 3572 aeteva
724 3534 787 3590 pars

173 3594 243 3653 cedi.
272 3593 403 3652 Kilianus
423 3597 505 3669 putat
527 3592 654 3650 tindekcu
671 3591 788 3650 eandem

174 3691 234 3730 esse
267 3689 363 3728 vocem
396 3687 460 3727 eum
493 3669 565 3743 Ang.
578 3688 603 3726 v.
635 3668 787 3744 hylderlim

174 3747 322 3814 kilderkin,
352 3765 369 3803 a
394 3743 461 3802 lrind
491 3745 523 3801 os
545 3745 565 3802 li

862 3440 966 3516 (butyri
993 3441 1093 3514 frusta)
1118 3459 1216 3498 massae
1236 3440 1364 3499 rotuodae
1384 3439 1434 3498 bnt
1455 3440 1480 3499 ri

861 3516 981 3576 duarum
1011 3517 1068 3575 lere
1097 3515 1240 3575 librarum.
1279 3516 1359 3574 Alias

861 3594 950 3664 buter,
978 3595 1015 3670 pl.
1043 3593 1114 3668 sing.
1144 3593 1170 3651 'n
1189 3594 1263 3650 doale
1298 3594 1380 3652 buter.
1411 3593 1480 3652 Hol.

862 3690 907 3729 seu
942 3671 1013 3728 teuit
1048 3671 1137 3737 dotem·
1177 3669 1334 3746 Meppslder
1369 3669 1479 3730 klsiteu.

586 3744 635 3802 uid
661 3763 788 3803 measure
863 3746 1002 3822 meppea,
1022 3746 1160 3880 oppidum
1180 3746 1330 3806 Threntiae.

174 3822 336 3896 containing
361 3825 415 3878 two
442 3820 546 3878 lirlins.
566 3763 630 3878 ‘ise
655 3821 789 3879 kildertiu
824 3822 1030 3882 buter-tale
1053 3868 1061 3893 ‚
1088 3841 1130 3899 cg.
1156 3841 1253 3881 mensa
1280 3823 1309 3881 in
1333 3842 1390 3900 qus
1409 3821 1479 3901 dep·

174 3904 217 3958 est
236 3899 317 3957 va.
336 3897 489 3967 telderlcen,
509 3896 556 3954 Nl.
577 3897 716 3970 telletj‘s,
736 3897 789 3954 ket

861 3899 932 3957 situr
951 3899 1085 3976 butyrum
1105 3918 1209 3959 reeens.

173 3977 236 4047 der,
257 3975 325 4065 cista
339 3974 435 4064 lignea
452 3972 598 4031 continens
621 3976 654 4031 la
675 3974 788 4049 lagenas
824 3975 1098 4047 buter-tbsken‚
1129 3977 1166 4055 pl.
1190 3995 1242 4054 par
1259 3976 1388 4112 primum
1411 3978 1480 4036 den-

174 4053 290 4131 spiritus
313 4070 451 4128 yunrpeu,
479 4049 579 4108 cistula
606 4055 624 4108 4
648 4050 691 4108 vel
713 4054 729 4108 6
750 4050 789 4108 la·

173 4131 289 4207 genulas
319 4129 457 4187 variarum
488 4127 645 4185 socierum
671 4126 788 4205 spiritus

174 4207 253 4266 sortis
286 4205 439 4267 continens.
517 4204 536 4263 l.
565 4204 667 4275 delete,
698 4222 788 4264 eavea.

175 4285 277 4343 Consu
297 4283 330 4342 E.
351 4281 483 4358 Phillips,
502 4281 550 4339 the
570 4300 631 4340 new
651 4281 738 4340 world
758 4281 791 4339 ol

174 4362 272 4420 words.
286 4362 385 4435 (lube)
397 4358 537 4417 muntia
550 4390 589 4404 ·-
600 4359 788 4437 Harii-tynum,

174 4438 332 4510 (dimidium
352 4441 458 4495 octavae
477 4435 564 4511 partis
583 4442 694 4506 touuae,
713 4435 732 4494 i.
752 4439 788 4508 e.)

174 4514 308 4574 doliolum
330 4522 362 4589 γ’,
383 4519 485 4572 tonum.

137 4590 364 4661 buter-laed,
391 4609 418 4648 u.
445 4608 529 4666 capsa
554 4588 675 4665 oblonga
695 4592 787 4666 portu·

175 4668 232 4726 tilis
262 4668 356 4745 lignea
383 4666 517 4743 operculo
551 4669 640 4736 tecta,
672 4665 702 4723 in
731 4683 788 4743 qua

174 4743 288 4805 rusticae
307 4742 453 4803 venditant
471 4741 603 4819 globulos
624 4740 728 4820 butyri.

861 4052 932 4110 tium
952 4053 1125 4111 anteriorum
1144 4053 1173 4111 in
1194 4072 1259 4112 max
1282 4053 1309 4112 lu
1333 4054 1479 4130 superiore

862 4129 1017 4199 infantum,
1048 4130 1145 4189 dentes
1170 4129 1308 4207 primores
1334 4129 1479 4191 incisores.

861 4205 928 4265 ltu.
960 4207 1163 4278 datter-tannes,
1200 4206 1249 4265 Nl.
1281 4206 1479 4276 socr-rande»,

861 4284 893 4343 F.
901 4302 926 4342 o.
955 4283 1162 4355 better-tossen,
1197 4284 1268 4360 Ang.
1297 4285 1480 4355 datter-testi,

860 4359 907 4419 the
926 4363 981 4418 two
1000 4360 1116 4419 inuisors
1136 4361 1165 4418 in
1179 4361 1298 4419 frontet
1312 4361 1360 4419 tbe
1374 4379 1480 4439 upper·

858 4437 920 4514 jaw.
940 4469 979 4482 -
998 4438 1090 4495 Antea
1110 4437 1163 4495 soli
1188 4436 1218 4495 in
1244 4456 1275 4496 re
1293 4438 1371 4495 leuto
1393 4436 1478 4514 positi

861 4513 987 4592 qnotidie
1011 4514 1111 4592 butyro
1136 4513 1308 4573 fruebantur.
1341 4513 1478 4572 Homines

861 4595 959 4648 tennes
983 4596 1094 4649 tantum
1114 4589 1215 4649 diebus
1235 4590 1314 4649 lestis
1334 4590 1417 4665 genio
1437 4589 1481 4648 in·

861 4666 1015 4743 dulgebant
1027 4667 1092 4726 usui
1105 4667 1213 4744 butyri,
1233 4686 1252 4725 u
1290 4686 1325 4726 ue
1340 4666 1478 4726 absonum

861 4749 904 4803 est
933 4743 1046 4803 credere
1071 4750 1181 4821 petrem
1208 4743 1275 4803 fami
1289 4743 1322 4802 'ae
1348 4762 1414 4804 suos
1434 4762 1481 4803 ex·
