<?xml version="1.0" encoding="UTF-8"?>
<!DOCTYPE html PUBLIC "-//W3C//DTD XHTML 1.0 Transitional//EN"
    "http://www.w3.org/TR/xhtml1/DTD/xhtml1-transitional.dtd">
<html xmlns="http://www.w3.org/1999/xhtml" xml:lang="en" lang="en">
 <head>
  <title>
</title>
<meta http-equiv="Content-Type" content="text/html;charset=utf-8" />
  <meta name='ocr-system' content='tesseract 3.04.00' />
  <meta name='ocr-capabilities' content='ocr_page ocr_carea ocr_par ocr_line ocrx_word'/>
</head>
<body>
  <div class='ocr_page' id='page_1' title='image "./lexiconfrisicum00halbgoog_0318.png"; bbox 0 0 3256 5310; ppageno 0'>
   <div class='ocr_carea' id='block_1_1' title="bbox 132 229 512 444">
    <p class='ocr_par' dir='ltr' id='par_1_1' title="bbox 132 229 512 444">
     <span class='ocr_line' id='line_1_1' title="bbox 132 229 187 292; baseline 0.036 -2"><span class='ocrx_word' id='word_1_1' title='bbox 132 229 187 292; x_wconf 75' lang='lat' dir='ltr'><strong>tlt</strong></span> 
     </span>
     <span class='ocr_line' id='line_1_2' title="bbox 402 382 512 444; baseline 0.018 -2"><span class='ocrx_word' id='word_1_2' title='bbox 402 382 512 444; x_wconf 81' lang='lat' dir='ltr'><strong>DASK.</strong></span> 
     </span>
    </p>
   </div>
   <div class='ocr_carea' id='block_1_2' title="bbox 1093 232 1478 445">
    <p class='ocr_par' dir='ltr' id='par_1_2' title="bbox 1093 232 1478 445">
     <span class='ocr_line' id='line_1_3' title="bbox 1422 232 1478 291; baseline -0.036 0"><span class='ocrx_word' id='word_1_3' title='bbox 1422 232 1478 291; x_wconf 77' lang='grc'><strong>618</strong></span> 
     </span>
     <span class='ocr_line' id='line_1_4' title="bbox 1093 385 1208 445; baseline 0.009 -1"><span class='ocrx_word' id='word_1_4' title='bbox 1093 385 1208 445; x_wconf 83' lang='lat' dir='ltr'><strong>DAVA.</strong></span> 
     </span>
    </p>
   </div>
   <div class='ocr_carea' id='block_1_3' title="bbox 161 459 1480 618">
    <p class='ocr_par' dir='ltr' id='par_1_3' title="bbox 161 459 1480 618">
     <span class='ocr_line' id='line_1_5' title="bbox 163 459 1480 540; baseline -0.002 -19"><span class='ocrx_word' id='word_1_5' title='bbox 163 460 344 521; x_wconf 80' lang='lat' dir='ltr'><strong>convivarum</strong></span> <span class='ocrx_word' id='word_1_6' title='bbox 359 461 498 521; x_wconf 69' lang='lat' dir='ltr'><strong>inienuus</strong></span> <span class='ocrx_word' id='word_1_7' title='bbox 517 459 649 531; x_wconf 63' lang='lat' dir='ltr'><strong>hebetum</strong></span> <span class='ocrx_word' id='word_1_8' title='bbox 669 465 783 540; x_wconf 84' lang='lat' dir='ltr'><strong>porten-</strong></span> <span class='ocrx_word' id='word_1_9' title='bbox 819 462 976 533; x_wconf 77' lang='lat' dir='ltr'><strong>DASKJF,</strong></span> <span class='ocrx_word' id='word_1_10' title='bbox 995 463 1219 522; x_wconf 61' lang='lat' dir='ltr'><strong>reverberare.</strong></span> <span class='ocrx_word' id='word_1_11' title='bbox 1242 463 1346 536; x_wconf 80' lang='lat' dir='ltr'><strong>Daskje</strong></span> <span class='ocrx_word' id='word_1_12' title='bbox 1359 481 1392 538; x_wconf 86' lang='lat' dir='ltr'><strong>cp</strong></span> <span class='ocrx_word' id='word_1_13' title='bbox 1406 465 1480 519; x_wconf 80' lang='lat' dir='ltr'><strong>morl</strong></span> 
     </span>
     <span class='ocr_line' id='line_1_6' title="bbox 161 537 1480 618; baseline 0.001 -21"><span class='ocrx_word' id='word_1_14' title='bbox 161 538 228 598; x_wconf 89' lang='lat' dir='ltr'><strong>dere</strong></span> <span class='ocrx_word' id='word_1_15' title='bbox 255 538 363 617; x_wconf 82' lang='lat' dir='ltr'>quippe</span> <span class='ocrx_word' id='word_1_16' title='bbox 389 537 539 616; x_wconf 76' lang='lat' dir='ltr'><strong>perhibent</strong></span> <span class='ocrx_word' id='word_1_17' title='bbox 565 557 663 597; x_wconf 89' lang='lat' dir='ltr'><strong>eorum</strong></span> <span class='ocrx_word' id='word_1_18' title='bbox 690 557 782 597; x_wconf 92' lang='lat' dir='ltr'><strong>nuum</strong></span> <span class='ocrx_word' id='word_1_19' title='bbox 857 559 893 598; x_wconf 93' lang='lat' dir='ltr'><strong>ne</strong></span> <span class='ocrx_word' id='word_1_20' title='bbox 920 559 1017 617; x_wconf 84' lang='lat' dir='ltr'><strong>percas</strong></span> <span class='ocrx_word' id='word_1_21' title='bbox 1037 542 1132 618; x_wconf 80' lang='lat' dir='ltr'><strong>flagro.</strong></span> <span class='ocrx_word' id='word_1_22' title='bbox 1163 540 1210 598; x_wconf 93' lang='lat' dir='ltr'><strong>Isl.</strong></span> <span class='ocrx_word' id='word_1_23' title='bbox 1237 545 1268 598; x_wconf 84' lang='lat' dir='ltr'><strong>ot</strong></span> <span class='ocrx_word' id='word_1_24' title='bbox 1295 540 1393 607; x_wconf 59' lang='lat' dir='ltr'><strong>doskm</strong></span> <span class='ocrx_word' id='word_1_25' title='bbox 1420 559 1480 615; x_wconf 93' lang='lat' dir='ltr'><strong>per·</strong></span> 
     </span>
    </p>
   </div>
   <div class='ocr_carea' id='block_1_4' title="bbox 158 615 782 752">
    <p class='ocr_par' dir='ltr' id='par_1_4' title="bbox 158 615 782 752">
     <span class='ocr_line' id='line_1_7' title="bbox 158 615 782 750; baseline 0.002 -77"><span class='ocrx_word' id='word_1_26' title='bbox 158 615 234 674; x_wconf 83' lang='lat' dir='ltr'><strong>intra</strong></span> <span class='ocrx_word' id='word_1_27' title='bbox 264 635 372 675; x_wconf 87' lang='lat' dir='ltr'><strong>annum</strong></span> <span class='ocrx_word' id='word_1_28' title='bbox 403 634 464 674; x_wconf 88' lang='lat' dir='ltr'><strong>esse</strong></span> <span class='ocrx_word' id='word_1_29' title='bbox 492 615 677 685; x_wconf 91' lang='lat' dir='ltr'><strong>moriturum,</strong></span> <span class='ocrx_word' id='word_1_30' title='bbox 706 616 782 750; x_wconf 71' lang='lat' dir='ltr'><strong>‹ppod</strong></span> 
     </span>
     <span class='ocr_line' id='line_1_8' title="bbox 160 692 782 752; baseline -0.002 -1"><span class='ocrx_word' id='word_1_31' title='bbox 160 692 287 751; x_wconf 83' lang='lat' dir='ltr'><strong>Christus</strong></span> <span class='ocrx_word' id='word_1_32' title='bbox 316 693 346 752; x_wconf 91' lang='lat' dir='ltr'><strong>iu</strong></span> <span class='ocrx_word' id='word_1_33' title='bbox 377 692 477 751; x_wconf 89' lang='lat' dir='ltr'><strong>ultima</strong></span> <span class='ocrx_word' id='word_1_34' title='bbox 505 711 585 751; x_wconf 79' lang='lat' dir='ltr'><strong>omna</strong></span> <span class='ocrx_word' id='word_1_35' title='bbox 614 711 712 751; x_wconf 79' lang='lat' dir='ltr'><strong>eccum</strong></span> <span class='ocrx_word' id='word_1_36' title='bbox 733 711 782 750; x_wconf 91' lang='lat' dir='ltr'><strong>ens</strong></span> 
     </span>
    </p>
   </div>
   <div class='ocr_carea' id='block_1_5' title="bbox 859 617 1480 769">
    <p class='ocr_par' dir='ltr' id='par_1_5' title="bbox 859 617 1480 769">
     <span class='ocr_line' id='line_1_9' title="bbox 859 617 1480 694; baseline -0.002 -18"><span class='ocrx_word' id='word_1_37' title='bbox 859 623 969 687; x_wconf 81' lang='lat' dir='ltr'><strong>eutero,</strong></span> <span class='ocrx_word' id='word_1_38' title='bbox 1000 621 1071 694; x_wconf 85' lang='lat' dir='ltr'><strong>Aug.</strong></span> <span class='ocrx_word' id='word_1_39' title='bbox 1101 623 1128 675; x_wconf 83' lang='lat' dir='ltr'><strong>tc</strong></span> <span class='ocrx_word' id='word_1_40' title='bbox 1157 617 1231 674; x_wconf 81' lang='lat' dir='ltr'><strong>dost.</strong></span> <span class='ocrx_word' id='word_1_41' title='bbox 1270 618 1318 675; x_wconf 90' lang='lat' dir='ltr'><strong>lsl.</strong></span> <span class='ocrx_word' id='word_1_42' title='bbox 1349 617 1429 686; x_wconf 78' lang='lat' dir='ltr'><strong>dasle,</strong></span> <span class='ocrx_word' id='word_1_43' title='bbox 1453 635 1480 675; x_wconf 93' lang='lat' dir='ltr'><strong>n.</strong></span> 
     </span>
     <span class='ocr_line' id='line_1_10' title="bbox 860 693 1331 769; baseline 0.002 -19"><span class='ocrx_word' id='word_1_44' title='bbox 860 694 946 763; x_wconf 90' lang='lat' dir='ltr'><strong>ictus,</strong></span> <span class='ocrx_word' id='word_1_45' title='bbox 967 694 1077 764; x_wconf 85' lang='lat' dir='ltr'><strong>verber,</strong></span> <span class='ocrx_word' id='word_1_46' title='bbox 1099 696 1172 769; x_wconf 86' lang='lat' dir='ltr'><strong>Aug.</strong></span> <span class='ocrx_word' id='word_1_47' title='bbox 1192 693 1271 762; x_wconf 62' lang='lat' dir='ltr'><strong>dana,</strong></span> <span class='ocrx_word' id='word_1_48' title='bbox 1292 693 1331 751; x_wconf 91' lang='lat' dir='ltr'><strong>id.</strong></span> 
     </span>
    </p>
   </div>
   <div class='ocr_carea' id='block_1_6' title="bbox 160 768 1482 849">
    <p class='ocr_par' dir='ltr' id='par_1_6' title="bbox 160 768 1482 849">
     <span class='ocr_line' id='line_1_11' title="bbox 160 768 1482 849; baseline 0 -21"><span class='ocrx_word' id='word_1_49' title='bbox 160 787 225 828; x_wconf 89' lang='lat' dir='ltr'><strong>oum</strong></span> <span class='ocrx_word' id='word_1_50' title='bbox 254 768 444 849; x_wconf 65' lang='lat' dir='ltr'><strong>inspectoris</strong></span> <span class='ocrx_word' id='word_1_51' title='bbox 465 768 544 827; x_wconf 81' lang='lat' dir='ltr'><strong>brevi</strong></span> <span class='ocrx_word' id='word_1_52' title='bbox 565 768 783 848; x_wconf 87' lang='lat' dir='ltr'><strong>postorueial&#39;·</strong></span> <span class='ocrx_word' id='word_1_53' title='bbox 821 768 943 840; x_wconf 84' lang='lat' dir='ltr'><strong>DA&#39;UK,</strong></span> <span class='ocrx_word' id='word_1_54' title='bbox 970 770 1062 840; x_wconf 74' lang='lat' dir='ltr'><strong>udor,</strong></span> <span class='ocrx_word' id='word_1_55' title='bbox 1091 790 1131 845; x_wconf 84' lang='lat' dir='ltr'><strong>eg.</strong></span> <span class='ocrx_word' id='word_1_56' title='bbox 1156 770 1383 828; x_wconf 88' lang='lat' dir='ltr'><strong>obturamentum</strong></span> <span class='ocrx_word' id='word_1_57' title='bbox 1403 769 1482 829; x_wconf 89' lang='lat' dir='ltr'><strong>dolii.</strong></span> 
     </span>
    </p>
   </div>
   <div class='ocr_carea' id='block_1_7' title="bbox 160 845 785 1090">
    <p class='ocr_par' dir='ltr' id='par_1_7' title="bbox 160 845 785 1090">
     <span class='ocr_line' id='line_1_12' title="bbox 160 845 785 924; baseline 0 -20"><span class='ocrx_word' id='word_1_58' title='bbox 160 846 232 904; x_wconf 87' lang='lat' dir='ltr'><strong>fixus</strong></span> <span class='ocrx_word' id='word_1_59' title='bbox 260 851 310 906; x_wconf 89' lang='lat' dir='ltr'><strong>est.</strong></span> <span class='ocrx_word' id='word_1_60' title='bbox 342 847 500 906; x_wconf 84' lang='lat' dir='ltr'><strong>Numerum</strong></span> <span class='ocrx_word' id='word_1_61' title='bbox 524 849 561 905; x_wconf 83' lang='lat'><strong>80</strong></span> <span class='ocrx_word' id='word_1_62' title='bbox 601 865 695 924; x_wconf 88' lang='lat' dir='ltr'><strong>noque</strong></span> <span class='ocrx_word' id='word_1_63' title='bbox 716 845 785 905; x_wconf 92' lang='lat' dir='ltr'><strong>omi·</strong></span> 
     </span>
     <span class='ocr_line' id='line_1_13' title="bbox 161 866 784 1058; baseline -0.002 -77"><span class='ocrx_word' id='word_1_64' title='bbox 161 941 264 982; x_wconf 90' lang='lat' dir='ltr'><strong>nosum</strong></span> <span class='ocrx_word' id='word_1_65' title='bbox 289 923 455 1015; x_wconf 76' lang='lat' dir='ltr'><strong>censebant,</strong></span> <span class='ocrx_word' id='word_1_66' title='bbox 484 923 560 1058; x_wconf 62' lang='lat' dir='ltr'><strong>puod</strong></span> <span class='ocrx_word' id='word_1_67' title='bbox 577 866 671 1014; x_wconf 37' lang='lat' dir='ltr'><strong>&#39;dudae</strong></span> <span class='ocrx_word' id='word_1_68' title='bbox 691 922 784 982; x_wconf 81' lang='lat' dir='ltr'><strong>Chris·</strong></span> 
     </span>
     <span class='ocr_line' id='line_1_14' title="bbox 161 999 785 1090; baseline 0 -32"><span class='ocrx_word' id='word_1_69' title='bbox 161 1004 221 1059; x_wconf 87' lang='lat' dir='ltr'><strong>tum</strong></span> <span class='ocrx_word' id='word_1_70' title='bbox 255 1000 381 1090; x_wconf 75' lang='lat' dir='ltr'><strong>prodidit</strong></span> <span class='ocrx_word' id='word_1_71' title='bbox 416 1003 453 1059; x_wconf 86' lang='lat'><strong>80</strong></span> <span class='ocrx_word' id='word_1_72' title='bbox 507 1019 617 1060; x_wconf 80' lang='lat' dir='ltr'><strong>enanis.</strong></span> <span class='ocrx_word' id='word_1_73' title='bbox 651 999 723 1059; x_wconf 89' lang='lat' dir='ltr'><strong>Inde</strong></span> <span class='ocrx_word' id='word_1_74' title='bbox 748 999 785 1058; x_wconf 93' lang='lat' dir='ltr'><strong>ad</strong></span> 
     </span>
    </p>
   </div>
   <div class='ocr_carea' id='block_1_8' title="bbox 163 1076 785 1214">
    <p class='ocr_par' dir='ltr' id='par_1_8' title="bbox 163 1076 785 1214">
     <span class='ocr_line' id='line_1_15' title="bbox 163 1076 785 1155; baseline 0 -19"><span class='ocrx_word' id='word_1_75' title='bbox 163 1096 332 1155; x_wconf 77' lang='lat' dir='ltr'><strong>praesagium</strong></span> <span class='ocrx_word' id='word_1_76' title='bbox 348 1076 425 1137; x_wconf 90' lang='lat' dir='ltr'><strong>istud</strong></span> <span class='ocrx_word' id='word_1_77' title='bbox 438 1077 621 1136; x_wconf 85' lang='lat' dir='ltr'><strong>avertendum</strong></span> <span class='ocrx_word' id='word_1_78' title='bbox 636 1096 785 1137; x_wconf 91' lang='lat' dir='ltr'><strong>numerum</strong></span> 
     </span>
     <span class='ocr_line' id='line_1_16' title="bbox 163 1154 785 1214; baseline 0.002 -2"><span class='ocrx_word' id='word_1_79' title='bbox 163 1157 200 1213; x_wconf 85' lang='lat' dir='ltr'><strong>eo</strong></span> <span class='ocrx_word' id='word_1_80' title='bbox 217 1173 274 1213; x_wconf 91' lang='lat' dir='ltr'><strong>nou</strong></span> <span class='ocrx_word' id='word_1_81' title='bbox 289 1154 474 1214; x_wconf 73' lang='lat' dir='ltr'><strong>nominabant</strong></span> <span class='ocrx_word' id='word_1_82' title='bbox 487 1154 542 1213; x_wconf 90' lang='lat' dir='ltr'><strong>nisi</strong></span> <span class='ocrx_word' id='word_1_83' title='bbox 556 1154 651 1213; x_wconf 87' lang='lat' dir='ltr'><strong>addita</strong></span> <span class='ocrx_word' id='word_1_84' title='bbox 664 1154 785 1213; x_wconf 85' lang='lat' dir='ltr'><strong>formula</strong></span> 
     </span>
    </p>
   </div>
   <div class='ocr_carea' id='block_1_9' title="bbox 162 1230 786 1445">
    <p class='ocr_par' dir='ltr' id='par_1_9' title="bbox 162 1230 786 1445">
     <span class='ocr_line' id='line_1_17' title="bbox 162 1230 786 1302; baseline 0 -13"><span class='ocrx_word' id='word_1_85' title='bbox 162 1235 214 1289; x_wconf 78' lang='lat' dir='ltr'><strong>niet</strong></span> <span class='ocrx_word' id='word_1_86' title='bbox 238 1231 312 1302; x_wconf 75' lang='lat' dir='ltr'><strong>eod,</strong></span> <span class='ocrx_word' id='word_1_87' title='bbox 332 1251 398 1291; x_wconf 90' lang='lat' dir='ltr'><strong>oum</strong></span> <span class='ocrx_word' id='word_1_88' title='bbox 417 1230 492 1301; x_wconf 89' lang='lat' dir='ltr'><strong>Deo,</strong></span> <span class='ocrx_word' id='word_1_89' title='bbox 514 1231 580 1291; x_wconf 86' lang='lat' dir='ltr'><strong>Hol.</strong></span> <span class='ocrx_word' id='word_1_90' title='bbox 601 1232 715 1290; x_wconf 74' lang='lat' dir='ltr'><strong>Dorticlr</strong></span> <span class='ocrx_word' id='word_1_91' title='bbox 734 1235 786 1290; x_wconf 81' lang='lat' dir='ltr'><strong>eret</strong></span> 
     </span>
     <span class='ocr_line' id='line_1_18' title="bbox 167 1307 785 1445; baseline 0 -79"><span class='ocrx_word' id='word_1_92' title='bbox 167 1309 235 1367; x_wconf 81' lang='lat' dir='ltr'><strong>ch.</strong></span> <span class='ocrx_word' id='word_1_93' title='bbox 266 1309 364 1368; x_wconf 80' lang='lat' dir='ltr'><strong>Annua</strong></span> <span class='ocrx_word' id='word_1_94' title='bbox 390 1307 456 1366; x_wconf 78' lang='lat' dir='ltr'><strong>vitae</strong></span> <span class='ocrx_word' id='word_1_95' title='bbox 475 1309 664 1445; x_wconf 59' lang='lat' dir='ltr'><strong>sexaplesimus</strong></span> <span class='ocrx_word' id='word_1_96' title='bbox 684 1309 785 1367; x_wconf 87' lang='lat' dir='ltr'><strong>tertius</strong></span> 
     </span>
    </p>
   </div>
   <div class='ocr_carea' id='block_1_10' title="bbox 156 1384 788 2013">
    <p class='ocr_par' dir='ltr' id='par_1_10' title="bbox 156 1384 788 2013">
     <span class='ocr_line' id='line_1_19' title="bbox 163 1384 787 1459; baseline -0.002 -16"><span class='ocrx_word' id='word_1_97' title='bbox 163 1387 224 1459; x_wconf 81' lang='grc'>(68)</span> <span class='ocrx_word' id='word_1_98' title='bbox 256 1384 457 1453; x_wconf 88' lang='lat' dir='ltr'><strong>climacterins,</strong></span> <span class='ocrx_word' id='word_1_99' title='bbox 488 1385 544 1444; x_wconf 84' lang='lat' dir='ltr'><strong>iata</strong></span> <span class='ocrx_word' id='word_1_100' title='bbox 557 1386 579 1445; x_wconf 86' lang='lat' dir='ltr'><strong>&#39;s</strong></span> <span class='ocrx_word' id='word_1_101' title='bbox 606 1385 731 1445; x_wconf 91' lang='lat' dir='ltr'><strong>creditur</strong></span> <span class='ocrx_word' id='word_1_102' title='bbox 758 1389 787 1445; x_wconf 89' lang='lat' dir='ltr'><strong>et</strong></span> 
     </span>
     <span class='ocr_line' id='line_1_20' title="bbox 163 1460 787 1536; baseline 0 -16"><span class='ocrx_word' id='word_1_103' title='bbox 163 1460 268 1521; x_wconf 89' lang='lat' dir='ltr'><strong>dicitur</strong></span> <span class='ocrx_word' id='word_1_104' title='bbox 282 1462 312 1523; x_wconf 87' lang='lat' dir='ltr'><strong>F.</strong></span> <span class='ocrx_word' id='word_1_105' title='bbox 325 1464 350 1522; x_wconf 78' lang='lat' dir='ltr'><strong>u</strong></span> <span class='ocrx_word' id='word_1_106' title='bbox 361 1461 526 1536; x_wconf 73' lang='lat' dir='ltr'><strong>modrd-jier,</strong></span> <span class='ocrx_word' id='word_1_107' title='bbox 548 1462 614 1522; x_wconf 86' lang='lat' dir='ltr'><strong>Hol.</strong></span> <span class='ocrx_word' id='word_1_108' title='bbox 626 1465 670 1521; x_wconf 82' lang='lat' dir='ltr'><strong>tet</strong></span> <span class='ocrx_word' id='word_1_109' title='bbox 682 1461 787 1521; x_wconf 76' lang='lat' dir='ltr'><strong>mord·</strong></span> 
     </span>
     <span class='ocr_line' id='line_1_21' title="bbox 156 1538 787 1631; baseline 0.002 -35"><span class='ocrx_word' id='word_1_110' title='bbox 156 1544 238 1615; x_wconf 76' lang='lat' dir='ltr'><strong>joar,</strong></span> <span class='ocrx_word' id='word_1_111' title='bbox 270 1559 362 1631; x_wconf 71' lang='lat' dir='ltr'><strong>eunus</strong></span> <span class='ocrx_word' id='word_1_112' title='bbox 392 1538 593 1629; x_wconf 69' lang='lat' dir='ltr'><strong>iuterneeirus,</strong></span> <span class='ocrx_word' id='word_1_113' title='bbox 612 1558 708 1631; x_wconf 38' lang='lat' dir='ltr'><strong>&#39;quem</strong></span> <span class='ocrx_word' id='word_1_114' title='bbox 737 1538 787 1617; x_wconf 93' lang='lat' dir='ltr'><strong>qui</strong></span> 
     </span>
     <span class='ocr_line' id='line_1_22' title="bbox 163 1616 787 1768; baseline 0 -16"><span class='ocrx_word' id='word_1_115' title='bbox 163 1616 787 1768; x_wconf 59' lang='lat' dir='ltr'><strong>tttlttllel⁰ltmnlz¹llrrtt</strong></span> 
     </span>
     <span class='ocr_line' id='line_1_23' title="bbox 164 1770 786 1848; baseline 0.005 -20"><span class='ocrx_word' id='word_1_116' title='bbox 164 1774 210 1828; x_wconf 87' lang='lat' dir='ltr'><strong>tus</strong></span> <span class='ocrx_word' id='word_1_117' title='bbox 239 1770 372 1841; x_wconf 85' lang='lat' dir='ltr'><strong>habetur,</strong></span> <span class='ocrx_word' id='word_1_118' title='bbox 406 1770 473 1830; x_wconf 88' lang='lat' dir='ltr'><strong>Hol.</strong></span> <span class='ocrx_word' id='word_1_119' title='bbox 497 1771 560 1829; x_wconf 69' lang='lat' dir='ltr'><strong>Alo</strong></span> <span class='ocrx_word' id='word_1_120' title='bbox 585 1771 667 1848; x_wconf 73' lang='lat' dir='ltr'><strong>poede</strong></span> <span class='ocrx_word' id='word_1_121' title='bbox 691 1771 786 1847; x_wconf 74' lang='lat' dir='ltr'><strong>dtupen</strong></span> 
     </span>
     <span class='ocr_line' id='line_1_24' title="bbox 165 1846 788 1907; baseline 0.002 -2"><span class='ocrx_word' id='word_1_122' title='bbox 165 1846 273 1906; x_wconf 67' lang='lat' dir='ltr'><strong>meaos</strong></span> <span class='ocrx_word' id='word_1_123' title='bbox 306 1849 336 1907; x_wconf 77' lang='lat' dir='ltr'><strong>ie</strong></span> <span class='ocrx_word' id='word_1_124' title='bbox 362 1847 461 1906; x_wconf 62' lang='lat' dir='ltr'><strong>anea.</strong></span> <span class='ocrx_word' id='word_1_125' title='bbox 504 1848 570 1906; x_wconf 88' lang='lat' dir='ltr'><strong>Hol.</strong></span> <span class='ocrx_word' id='word_1_126' title='bbox 597 1848 739 1906; x_wconf 83' lang='lat' dir='ltr'><strong>Driemael</strong></span> <span class='ocrx_word' id='word_1_127' title='bbox 763 1849 788 1906; x_wconf 83' lang='lat' dir='ltr'><strong>ir</strong></span> 
     </span>
     <span class='ocr_line' id='line_1_25' title="bbox 164 1924 788 2013; baseline 0.002 -31"><span class='ocrx_word' id='word_1_128' title='bbox 164 1924 280 2013; x_wconf 71' lang='lat' dir='ltr'><strong>ecleepa·</strong></span> <span class='ocrx_word' id='word_1_129' title='bbox 307 1925 352 1983; x_wconf 83' lang='lat' dir='ltr'><strong>rel</strong></span> <span class='ocrx_word' id='word_1_130' title='bbox 378 1925 614 2000; x_wconf 77' lang='lat' dir='ltr'><strong>setipperereclt,</strong></span> <span class='ocrx_word' id='word_1_131' title='bbox 642 1924 674 1984; x_wconf 99' lang='lat' dir='ltr'><strong>F.</strong></span> <span class='ocrx_word' id='word_1_132' title='bbox 700 1926 788 1999; x_wconf 77' lang='lat' dir='ltr'><strong>Flrye</strong></span> 
     </span>
    </p>
   </div>
   <div class='ocr_carea' id='block_1_11' title="bbox 859 846 1486 2002">
    <p class='ocr_par' dir='ltr' id='par_1_11' title="bbox 859 846 1486 2002">
     <span class='ocr_line' id='line_1_26' title="bbox 860 846 1481 921; baseline -0.002 -16"><span class='ocrx_word' id='word_1_133' title='bbox 860 846 1009 905; x_wconf 80' lang='lat' dir='ltr'><strong>Contracta</strong></span> <span class='ocrx_word' id='word_1_134' title='bbox 1036 867 1071 905; x_wconf 89' lang='lat' dir='ltr'><strong>ex</strong></span> <span class='ocrx_word' id='word_1_135' title='bbox 1096 847 1175 905; x_wconf 71' lang='grc' dir='ltr'><em>ἀουίΙε</em></span> <span class='ocrx_word' id='word_1_136' title='bbox 1201 847 1276 904; x_wconf 89' lang='lat' dir='ltr'><strong>unde</strong></span> <span class='ocrx_word' id='word_1_137' title='bbox 1304 847 1350 905; x_wconf 86' lang='lat' dir='ltr'><strong>Nl</strong></span> <span class='ocrx_word' id='word_1_138' title='bbox 1374 846 1481 921; x_wconf 78' lang='lat' dir='ltr'><strong>(dbvilr)</strong></span> 
     </span>
     <span class='ocr_line' id='line_1_27' title="bbox 859 922 1482 1002; baseline 0 -20"><span class='ocrx_word' id='word_1_139' title='bbox 859 923 960 982; x_wconf 58' lang='lat' dir='ltr'><strong>&amp;urile</strong></span> <span class='ocrx_word' id='word_1_140' title='bbox 999 922 1068 982; x_wconf 91' lang='lat' dir='ltr'><strong>Inde</strong></span> <span class='ocrx_word' id='word_1_141' title='bbox 1098 928 1182 1002; x_wconf 72' lang='lat' dir='ltr'><strong>poeta</strong></span> <span class='ocrx_word' id='word_1_142' title='bbox 1212 923 1360 982; x_wconf 85' lang='lat' dir='ltr'><strong>obscoeuns</strong></span> <span class='ocrx_word' id='word_1_143' title='bbox 1392 924 1482 1001; x_wconf 81' lang='lat' dir='ltr'><strong>Tong-</strong></span> 
     </span>
     <span class='ocr_line' id='line_1_28' title="bbox 859 1000 1276 1077; baseline 0.002 -19"><span class='ocrx_word' id='word_1_144' title='bbox 859 1001 942 1077; x_wconf 75' lang='lat' dir='ltr'><strong>nugel</strong></span> <span class='ocrx_word' id='word_1_145' title='bbox 961 1020 990 1077; x_wconf 89' lang='lat' dir='ltr'><strong>p.</strong></span> <span class='ocrx_word' id='word_1_146' title='bbox 1011 1004 1060 1071; x_wconf 79' lang='lat'><strong>53,</strong></span> <span class='ocrx_word' id='word_1_147' title='bbox 1082 1001 1117 1060; x_wconf 90' lang='lat' dir='ltr'><strong>de</strong></span> <span class='ocrx_word' id='word_1_148' title='bbox 1137 1000 1276 1070; x_wconf 80' lang='lat' dir='ltr'><strong>mentula,</strong></span> 
     </span>
     <span class='ocr_line' id='line_1_29' title="bbox 902 1080 1480 1154; baseline 0.003 -19"><span class='ocrx_word' id='word_1_149' title='bbox 902 1080 985 1137; x_wconf 85' lang='lat' dir='ltr'><strong>Vocrt</strong></span> <span class='ocrx_word' id='word_1_150' title='bbox 1000 1080 1103 1137; x_wconf 79' lang='lat' dir='ltr'><strong>maeekt</strong></span> <span class='ocrx_word' id='word_1_151' title='bbox 1114 1080 1149 1154; x_wconf 81' lang='lat' dir='ltr'><strong>ly</strong></span> <span class='ocrx_word' id='word_1_152' title='bbox 1161 1081 1213 1135; x_wconf 84' lang='lat' dir='ltr'><strong>met</strong></span> <span class='ocrx_word' id='word_1_153' title='bbox 1226 1095 1298 1135; x_wconf 81' lang='lat' dir='ltr'><strong>moer</strong></span> <span class='ocrx_word' id='word_1_154' title='bbox 1312 1096 1356 1137; x_wconf 83' lang='lat' dir='ltr'><strong>een</strong></span> <span class='ocrx_word' id='word_1_155' title='bbox 1364 1082 1480 1154; x_wconf 78' lang='lat' dir='ltr'><strong>praelje,</strong></span> 
     </span>
     <span class='ocr_line' id='line_1_30' title="bbox 941 1155 1436 1232; baseline 0 -19"><span class='ocrx_word' id='word_1_156' title='bbox 941 1157 1011 1214; x_wconf 71' lang='lat' dir='ltr'><strong>(luet</strong></span> <span class='ocrx_word' id='word_1_157' title='bbox 1029 1161 1081 1213; x_wconf 85' lang='lat' dir='ltr'><strong>met</strong></span> <span class='ocrx_word' id='word_1_158' title='bbox 1099 1156 1164 1213; x_wconf 75' lang='lat' dir='ltr'><strong>laer</strong></span> <span class='ocrx_word' id='word_1_159' title='bbox 1183 1159 1237 1213; x_wconf 79' lang='lat' dir='ltr'><strong>reat</strong></span> <span class='ocrx_word' id='word_1_160' title='bbox 1256 1156 1286 1213; x_wconf 81' lang='lat' dir='ltr'><strong>in</strong></span> <span class='ocrx_word' id='word_1_161' title='bbox 1305 1155 1338 1213; x_wconf 86' lang='lat' dir='ltr'><strong>de</strong></span> <span class='ocrx_word' id='word_1_162' title='bbox 1357 1161 1436 1232; x_wconf 72' lang='lat' dir='ltr'><strong>lupa,</strong></span> 
     </span>
     <span class='ocr_line' id='line_1_31' title="bbox 900 1232 1444 1306; baseline 0 -16"><span class='ocrx_word' id='word_1_163' title='bbox 900 1233 984 1291; x_wconf 81' lang='lat' dir='ltr'><strong>Foont</strong></span> <span class='ocrx_word' id='word_1_164' title='bbox 1001 1251 1047 1291; x_wconf 83' lang='lat' dir='ltr'><strong>een</strong></span> <span class='ocrx_word' id='word_1_165' title='bbox 1066 1232 1174 1292; x_wconf 60' lang='lat' dir='ltr'><strong>meiol</strong></span> <span class='ocrx_word' id='word_1_166' title='bbox 1195 1236 1234 1290; x_wconf 74' lang='lat' dir='ltr'><strong>ror</strong></span> <span class='ocrx_word' id='word_1_167' title='bbox 1253 1234 1319 1290; x_wconf 82' lang='lat' dir='ltr'><strong>laer</strong></span> <span class='ocrx_word' id='word_1_168' title='bbox 1338 1235 1444 1306; x_wconf 72' lang='lat' dir='ltr'><strong>omtje;</strong></span> 
     </span>
     <span class='ocr_line' id='line_1_32' title="bbox 942 1309 1456 1387; baseline 0.006 -21"><span class='ocrx_word' id='word_1_169' title='bbox 942 1311 1023 1368; x_wconf 80' lang='lat' dir='ltr'><strong>Want</strong></span> <span class='ocrx_word' id='word_1_170' title='bbox 1042 1309 1075 1368; x_wconf 85' lang='lat' dir='ltr'><strong>de</strong></span> <span class='ocrx_word' id='word_1_171' title='bbox 1094 1311 1170 1369; x_wconf 82' lang='lat' dir='ltr'><strong>noctt</strong></span> <span class='ocrx_word' id='word_1_172' title='bbox 1188 1329 1242 1367; x_wconf 82' lang='lat' dir='ltr'><strong>roos</strong></span> <span class='ocrx_word' id='word_1_173' title='bbox 1261 1310 1290 1368; x_wconf 84' lang='lat' dir='ltr'><strong>in</strong></span> <span class='ocrx_word' id='word_1_174' title='bbox 1310 1310 1342 1368; x_wconf 85' lang='lat' dir='ltr'><strong>de</strong></span> <span class='ocrx_word' id='word_1_175' title='bbox 1361 1313 1456 1387; x_wconf 69' lang='lat' dir='ltr'><strong>kneyt.</strong></span> 
     </span>
     <span class='ocr_line' id='line_1_33' title="bbox 860 1386 1480 1464; baseline 0.003 -20"><span class='ocrx_word' id='word_1_176' title='bbox 860 1406 888 1464; x_wconf 92' lang='lat' dir='ltr'><strong>p.</strong></span> <span class='ocrx_word' id='word_1_177' title='bbox 903 1389 954 1457; x_wconf 78' lang='lat'><strong>56,</strong></span> <span class='ocrx_word' id='word_1_178' title='bbox 978 1386 998 1445; x_wconf 85' lang='lat' dir='ltr'><strong>&#39;t</strong></span> <span class='ocrx_word' id='word_1_179' title='bbox 1011 1389 1188 1460; x_wconf 65' lang='lat' dir='ltr'><strong>Berenicis-qut</strong></span> <span class='ocrx_word' id='word_1_180' title='bbox 1207 1386 1255 1444; x_wconf 73' lang='lat' dir='ltr'><strong>dar</strong></span> <span class='ocrx_word' id='word_1_181' title='bbox 1275 1407 1329 1446; x_wconf 78' lang='lat' dir='ltr'><strong>eae</strong></span> <span class='ocrx_word' id='word_1_182' title='bbox 1348 1392 1480 1463; x_wconf 70' lang='lat' dir='ltr'><strong>ametopt,</strong></span> 
     </span>
     <span class='ocr_line' id='line_1_34' title="bbox 860 1463 1483 1540; baseline 0 -18"><span class='ocrx_word' id='word_1_183' title='bbox 860 1464 1020 1540; x_wconf 78' lang='lat' dir='ltr'><strong>stranguria</strong></span> <span class='ocrx_word' id='word_1_184' title='bbox 1040 1463 1195 1523; x_wconf 87' lang='lat' dir='ltr'><strong>laborabat:</strong></span> <span class='ocrx_word' id='word_1_185' title='bbox 1217 1465 1323 1540; x_wconf 82' lang='lat' dir='ltr'><strong>Ang.v.</strong></span> <span class='ocrx_word' id='word_1_186' title='bbox 1337 1465 1413 1534; x_wconf 81' lang='lat' dir='ltr'><strong>dccl,</strong></span> <span class='ocrx_word' id='word_1_187' title='bbox 1435 1465 1483 1522; x_wconf 89' lang='lat' dir='ltr'><strong>the</strong></span> 
     </span>
     <span class='ocr_line' id='line_1_35' title="bbox 860 1541 1484 1617; baseline 0 -18"><span class='ocrx_word' id='word_1_188' title='bbox 860 1544 956 1617; x_wconf 93' lang='lat' dir='ltr'><strong>stump</strong></span> <span class='ocrx_word' id='word_1_189' title='bbox 982 1542 1015 1600; x_wconf 82' lang='lat' dir='ltr'><strong>of</strong></span> <span class='ocrx_word' id='word_1_190' title='bbox 1036 1561 1053 1599; x_wconf 88' lang='lat' dir='ltr'><strong>a</strong></span> <span class='ocrx_word' id='word_1_191' title='bbox 1072 1541 1166 1600; x_wconf 86' lang='lat' dir='ltr'><strong>beests</strong></span> <span class='ocrx_word' id='word_1_192' title='bbox 1192 1541 1254 1610; x_wconf 90' lang='lat' dir='ltr'><strong>tail;</strong></span> <span class='ocrx_word' id='word_1_193' title='bbox 1281 1546 1308 1598; x_wconf 87' lang='lat' dir='ltr'><strong>to</strong></span> <span class='ocrx_word' id='word_1_194' title='bbox 1334 1543 1416 1610; x_wconf 75' lang='lat' dir='ltr'><strong>doct,</strong></span> <span class='ocrx_word' id='word_1_195' title='bbox 1443 1542 1484 1599; x_wconf 84' lang='lat' dir='ltr'><strong>lu·</strong></span> 
     </span>
     <span class='ocr_line' id='line_1_36' title="bbox 862 1617 1428 1696; baseline 0 -19"><span class='ocrx_word' id='word_1_196' title='bbox 862 1623 956 1688; x_wconf 82' lang='lat' dir='ltr'><strong>tuere3</strong></span> <span class='ocrx_word' id='word_1_197' title='bbox 977 1618 1072 1696; x_wconf 73' lang='lat' dir='ltr'><strong>decep,</strong></span> <span class='ocrx_word' id='word_1_198' title='bbox 1093 1617 1240 1687; x_wconf 83' lang='lat' dir='ltr'><strong>meretrix,</strong></span> <span class='ocrx_word' id='word_1_199' title='bbox 1261 1638 1296 1676; x_wconf 88' lang='lat' dir='ltr'><strong>ex</strong></span> <span class='ocrx_word' id='word_1_200' title='bbox 1315 1619 1428 1694; x_wconf 71' lang='lat' dir='ltr'><strong>docciqe.</strong></span> 
     </span>
     <span class='ocr_line' id='line_1_37' title="bbox 899 1694 1486 1772; baseline 0 -20"><span class='ocrx_word' id='word_1_201' title='bbox 899 1694 962 1753; x_wconf 88' lang='lat' dir='ltr'><strong>Tali</strong></span> <span class='ocrx_word' id='word_1_202' title='bbox 989 1695 1184 1754; x_wconf 91' lang='lat' dir='ltr'><strong>obturamento</strong></span> <span class='ocrx_word' id='word_1_203' title='bbox 1206 1695 1352 1772; x_wconf 88' lang='lat' dir='ltr'><strong>praecipue</strong></span> <span class='ocrx_word' id='word_1_204' title='bbox 1371 1694 1486 1754; x_wconf 89' lang='lat' dir='ltr'><strong>clande-</strong></span> 
     </span>
     <span class='ocr_line' id='line_1_38' title="bbox 861 1771 1484 1850; baseline -0.003 -20"><span class='ocrx_word' id='word_1_205' title='bbox 861 1771 931 1830; x_wconf 82' lang='lat' dir='ltr'><strong>baut</strong></span> <span class='ocrx_word' id='word_1_206' title='bbox 960 1771 1066 1831; x_wconf 91' lang='lat' dir='ltr'><strong>dolium</strong></span> <span class='ocrx_word' id='word_1_207' title='bbox 1093 1771 1248 1841; x_wconf 71' lang='lat' dir='ltr'><strong>cerevisiae,</strong></span> <span class='ocrx_word' id='word_1_208' title='bbox 1279 1792 1335 1850; x_wconf 89' lang='lat' dir='ltr'><strong>qua</strong></span> <span class='ocrx_word' id='word_1_209' title='bbox 1362 1771 1484 1831; x_wconf 89' lang='lat' dir='ltr'><strong>celebra·</strong></span> 
     </span>
     <span class='ocr_line' id='line_1_39' title="bbox 861 1848 1484 1926; baseline -0.003 -19"><span class='ocrx_word' id='word_1_210' title='bbox 861 1848 931 1907; x_wconf 89' lang='lat' dir='ltr'><strong>bant</strong></span> <span class='ocrx_word' id='word_1_211' title='bbox 958 1849 1087 1926; x_wconf 88' lang='lat' dir='ltr'><strong>nuptias,</strong></span> <span class='ocrx_word' id='word_1_212' title='bbox 1114 1848 1189 1907; x_wconf 92' lang='lat' dir='ltr'><strong>unde</strong></span> <span class='ocrx_word' id='word_1_213' title='bbox 1208 1849 1268 1905; x_wconf 83' lang='lat' dir='ltr'><strong>lior</strong></span> <span class='ocrx_word' id='word_1_214' title='bbox 1288 1855 1317 1907; x_wconf 91' lang='lat' dir='ltr'><strong>et</strong></span> <span class='ocrx_word' id='word_1_215' title='bbox 1337 1851 1408 1924; x_wconf 82' lang='lat' dir='ltr'><strong>Aug.</strong></span> <span class='ocrx_word' id='word_1_216' title='bbox 1429 1849 1484 1919; x_wconf 83' lang='lat' dir='ltr'><strong>ale,</strong></span> 
     </span>
     <span class='ocr_line' id='line_1_40' title="bbox 862 1925 1428 2002; baseline -0.002 -18"><span class='ocrx_word' id='word_1_217' title='bbox 862 1926 981 2002; x_wconf 80' lang='lat' dir='ltr'><strong>figurate</strong></span> <span class='ocrx_word' id='word_1_218' title='bbox 1001 1926 1103 1984; x_wconf 81' lang='lat' dir='ltr'><strong>testum</strong></span> <span class='ocrx_word' id='word_1_219' title='bbox 1124 1925 1241 1996; x_wconf 81' lang='lat' dir='ltr'><strong>indicat3</strong></span> <span class='ocrx_word' id='word_1_220' title='bbox 1264 1927 1309 1985; x_wconf 92' lang='lat' dir='ltr'><strong>cui</strong></span> <span class='ocrx_word' id='word_1_221' title='bbox 1330 1925 1428 1985; x_wconf 85' lang='lat' dir='ltr'><strong>annuit</strong></span> 
     </span>
    </p>
   </div>
   <div class='ocr_carea' id='block_1_12' title="bbox 165 2001 1485 2089">
    <p class='ocr_par' dir='ltr' id='par_1_12' title="bbox 165 2001 1485 2089">
     <span class='ocr_line' id='line_1_41' title="bbox 165 2001 1485 2089; baseline 0.001 -30"><span class='ocrx_word' id='word_1_222' title='bbox 165 2018 190 2089; x_wconf 65' lang='lat' dir='ltr'><strong>rs</strong></span> <span class='ocrx_word' id='word_1_223' title='bbox 209 2002 327 2077; x_wconf 76' lang='lat' dir='ltr'><strong>eeippm</strong></span> <span class='ocrx_word' id='word_1_224' title='bbox 343 2001 433 2059; x_wconf 76' lang='lat' dir='ltr'><strong>riuctt</strong></span> <span class='ocrx_word' id='word_1_225' title='bbox 446 2005 500 2075; x_wconf 91' lang='lat' dir='ltr'><strong>(ter</strong></span> <span class='ocrx_word' id='word_1_226' title='bbox 513 2007 555 2060; x_wconf 88' lang='lat' dir='ltr'><strong>est</strong></span> <span class='ocrx_word' id='word_1_227' title='bbox 565 2002 613 2076; x_wconf 83' lang='lat' dir='ltr'><strong>jus</strong></span> <span class='ocrx_word' id='word_1_228' title='bbox 626 2005 787 2076; x_wconf 85' lang='lat' dir='ltr'><strong>nautarum)</strong></span> <span class='ocrx_word' id='word_1_229' title='bbox 823 2001 1016 2062; x_wconf 74' lang='lat' dir='ltr'><strong>daur-sliu</strong></span> <span class='ocrx_word' id='word_1_230' title='bbox 1021 2003 1071 2076; x_wconf 91' lang='lat' dir='ltr'><strong>je,</strong></span> <span class='ocrx_word' id='word_1_231' title='bbox 1092 2003 1169 2061; x_wconf 89' lang='lat' dir='ltr'><strong>vb.n.</strong></span> <span class='ocrx_word' id='word_1_232' title='bbox 1190 2003 1323 2077; x_wconf 89' lang='lat' dir='ltr'><strong>(lambere</strong></span> <span class='ocrx_word' id='word_1_233' title='bbox 1342 2002 1411 2061; x_wconf 88' lang='lat' dir='ltr'><strong>dolii</strong></span> <span class='ocrx_word' id='word_1_234' title='bbox 1425 2020 1485 2060; x_wconf 85' lang='lat' dir='ltr'><strong>eva·</strong></span> 
     </span>
    </p>
   </div>
   <div class='ocr_carea' id='block_1_13' title="bbox 129 2077 788 4311">
    <p class='ocr_par' dir='ltr' id='par_1_13' title="bbox 165 2077 788 3309">
     <span class='ocr_line' id='line_1_42' title="bbox 166 2077 788 2233; baseline 0 -20"><span class='ocrx_word' id='word_1_235' title='bbox 166 2078 405 2214; x_wconf 64' lang='lat' dir='ltr'><strong>uetuerit</strong></span> <span class='ocrx_word' id='word_1_236' title='bbox 424 2078 491 2214; x_wconf 68' lang='lat' dir='ltr'><strong>tls</strong></span> <span class='ocrx_word' id='word_1_237' title='bbox 504 2077 708 2215; x_wconf 62' lang='lat' dir='ltr'><strong>utetur</strong></span> <span class='ocrx_word' id='word_1_238' title='bbox 725 2098 788 2233; x_wconf 57' lang='lat' dir='ltr'><strong>{tl</strong></span> 
     </span>
     <span class='ocr_line' id='line_1_43' title="bbox 167 2230 788 2324; baseline 0 -34"><span class='ocrx_word' id='word_1_239' title='bbox 167 2230 261 2290; x_wconf 89' lang='lat' dir='ltr'><strong>minus</strong></span> <span class='ocrx_word' id='word_1_240' title='bbox 287 2232 378 2324; x_wconf 76' lang='lat' dir='ltr'><strong>tribus</strong></span> <span class='ocrx_word' id='word_1_241' title='bbox 405 2231 518 2310; x_wconf 91' lang='lat' dir='ltr'><strong>poculis</strong></span> <span class='ocrx_word' id='word_1_242' title='bbox 542 2231 652 2323; x_wconf 80' lang='lat' dir='ltr'><strong>biberit.</strong></span> <span class='ocrx_word' id='word_1_243' title='bbox 682 2233 788 2291; x_wconf 84' lang='lat' dir='ltr'><strong>Numa·</strong></span> 
     </span>
     <span class='ocr_line' id='line_1_44' title="bbox 166 2308 788 2465; baseline 0 -21"><span class='ocrx_word' id='word_1_244' title='bbox 166 2308 788 2465; x_wconf 56' lang='lat' dir='ltr'><strong>:titulunlellulltltltlffi</strong></span> 
     </span>
     <span class='ocr_line' id='line_1_45' title="bbox 166 2462 787 2538; baseline -0.002 -16"><span class='ocrx_word' id='word_1_245' title='bbox 166 2463 206 2522; x_wconf 93' lang='lat' dir='ltr'><strong>nii</strong></span> <span class='ocrx_word' id='word_1_246' title='bbox 225 2463 377 2538; x_wconf 81' lang='lat' dir='ltr'><strong>septimum</strong></span> <span class='ocrx_word' id='word_1_247' title='bbox 396 2464 486 2524; x_wconf 86' lang='lat' dir='ltr'><strong>filium</strong></span> <span class='ocrx_word' id='word_1_248' title='bbox 503 2463 653 2522; x_wconf 85' lang='lat' dir='ltr'><strong>manebant</strong></span> <span class='ocrx_word' id='word_1_249' title='bbox 666 2462 787 2533; x_wconf 76' lang='lat' dir='ltr'><strong>divitiae,</strong></span> 
     </span>
     <span class='ocr_line' id='line_1_46' title="bbox 165 2539 787 2618; baseline 0.002 -20"><span class='ocrx_word' id='word_1_250' title='bbox 165 2540 271 2616; x_wconf 84' lang='lat' dir='ltr'><strong>ingenii</strong></span> <span class='ocrx_word' id='word_1_251' title='bbox 291 2541 371 2601; x_wconf 92' lang='lat' dir='ltr'><strong>dotes</strong></span> <span class='ocrx_word' id='word_1_252' title='bbox 391 2548 420 2602; x_wconf 88' lang='lat' dir='ltr'><strong>et</strong></span> <span class='ocrx_word' id='word_1_253' title='bbox 438 2540 503 2598; x_wconf 83' lang='lat' dir='ltr'><strong>vitae</strong></span> <span class='ocrx_word' id='word_1_254' title='bbox 524 2540 611 2599; x_wconf 86' lang='lat' dir='ltr'><strong>beatae</strong></span> <span class='ocrx_word' id='word_1_255' title='bbox 624 2539 734 2618; x_wconf 79' lang='lat' dir='ltr'><strong>gaudia</strong></span> <span class='ocrx_word' id='word_1_256' title='bbox 747 2570 787 2586; x_wconf 91' lang='lat'><strong>-·</strong></span> 
     </span>
     <span class='ocr_line' id='line_1_47' title="bbox 167 2617 788 2694; baseline 0.003 -20"><span class='ocrx_word' id='word_1_257' title='bbox 167 2617 329 2676; x_wconf 83' lang='lat' dir='ltr'><strong>Generatim</strong></span> <span class='ocrx_word' id='word_1_258' title='bbox 350 2624 456 2678; x_wconf 84' lang='lat' dir='ltr'><strong>veteres</strong></span> <span class='ocrx_word' id='word_1_259' title='bbox 477 2635 609 2675; x_wconf 87' lang='lat' dir='ltr'><strong>numeros</strong></span> <span class='ocrx_word' id='word_1_260' title='bbox 630 2637 710 2694; x_wconf 87' lang='lat' dir='ltr'><strong>pares</strong></span> <span class='ocrx_word' id='word_1_261' title='bbox 730 2637 788 2676; x_wconf 89' lang='lat' dir='ltr'><strong>cre·</strong></span> 
     </span>
     <span class='ocr_line' id='line_1_48' title="bbox 167 2691 787 2770; baseline 0.002 -19"><span class='ocrx_word' id='word_1_262' title='bbox 167 2691 273 2752; x_wconf 88' lang='lat' dir='ltr'><strong>debent</strong></span> <span class='ocrx_word' id='word_1_263' title='bbox 286 2695 440 2762; x_wconf 75' lang='lat' dir='ltr'><strong>ominaeos,</strong></span> <span class='ocrx_word' id='word_1_264' title='bbox 453 2693 576 2770; x_wconf 88' lang='lat' dir='ltr'><strong>impares</strong></span> <span class='ocrx_word' id='word_1_265' title='bbox 587 2693 701 2752; x_wconf 81' lang='lat' dir='ltr'><strong>faustos.</strong></span> <span class='ocrx_word' id='word_1_266' title='bbox 715 2692 787 2752; x_wconf 85' lang='lat' dir='ltr'><strong>Vide</strong></span> 
     </span>
     <span class='ocr_line' id='line_1_49' title="bbox 166 2769 787 2861; baseline 0.002 -34"><span class='ocrx_word' id='word_1_267' title='bbox 166 2769 270 2828; x_wconf 86' lang='lat' dir='ltr'><strong>Brund.</strong></span> <span class='ocrx_word' id='word_1_268' title='bbox 290 2772 376 2843; x_wconf 76' lang='lat' dir='ltr'><strong>lillis,</strong></span> <span class='ocrx_word' id='word_1_269' title='bbox 397 2770 520 2847; x_wconf 88' lang='lat' dir='ltr'><strong>Populer</strong></span> <span class='ocrx_word' id='word_1_270' title='bbox 539 2770 717 2848; x_wconf 65' lang='lat' dir='ltr'><strong>antiquitus,</strong></span> <span class='ocrx_word' id='word_1_271' title='bbox 738 2769 787 2861; x_wconf 71' lang='lat' dir='ltr'><strong>qui</strong></span> 
     </span>
     <span class='ocr_line' id='line_1_50' title="bbox 166 2845 787 2927; baseline 0.002 -23"><span class='ocrx_word' id='word_1_272' title='bbox 166 2849 232 2904; x_wconf 90' lang='lat' dir='ltr'><strong>tom.</strong></span> <span class='ocrx_word' id='word_1_273' title='bbox 253 2847 308 2907; x_wconf 89' lang='lat' dir='ltr'><strong>III.</strong></span> <span class='ocrx_word' id='word_1_274' title='bbox 328 2869 356 2927; x_wconf 92' lang='lat' dir='ltr'><strong>p.</strong></span> <span class='ocrx_word' id='word_1_275' title='bbox 378 2851 434 2908; x_wconf 72' lang='lat'><strong>2⁶4</strong></span> <span class='ocrx_word' id='word_1_276' title='bbox 458 2845 493 2904; x_wconf 88' lang='lat' dir='ltr'><strong>de</strong></span> <span class='ocrx_word' id='word_1_277' title='bbox 519 2846 572 2906; x_wconf 84' lang='lat' dir='ltr'><strong>beo</strong></span> <span class='ocrx_word' id='word_1_278' title='bbox 595 2847 710 2906; x_wconf 90' lang='lat' dir='ltr'><strong>materie</strong></span> <span class='ocrx_word' id='word_1_279' title='bbox 731 2846 787 2906; x_wconf 85' lang='lat' dir='ltr'><strong>dra·</strong></span> 
     </span>
     <span class='ocr_line' id='line_1_51' title="bbox 166 2922 788 3002; baseline 0 -20"><span class='ocrx_word' id='word_1_280' title='bbox 166 2922 267 2993; x_wconf 90' lang='lat' dir='ltr'><strong>seruit,</strong></span> <span class='ocrx_word' id='word_1_281' title='bbox 294 2930 322 2983; x_wconf 87' lang='lat' dir='ltr'><strong>et</strong></span> <span class='ocrx_word' id='word_1_282' title='bbox 348 2925 424 2984; x_wconf 91' lang='lat' dir='ltr'><strong>inter</strong></span> <span class='ocrx_word' id='word_1_283' title='bbox 449 2923 534 3002; x_wconf 90' lang='lat' dir='ltr'><strong>plura</strong></span> <span class='ocrx_word' id='word_1_284' title='bbox 554 2924 648 2983; x_wconf 88' lang='lat' dir='ltr'><strong>locum</strong></span> <span class='ocrx_word' id='word_1_285' title='bbox 668 2943 788 3002; x_wconf 90' lang='lat' dir='ltr'><strong>sequen·</strong></span> 
     </span>
     <span class='ocr_line' id='line_1_52' title="bbox 166 3000 787 3076; baseline 0.003 -18"><span class='ocrx_word' id='word_1_286' title='bbox 166 3005 223 3059; x_wconf 89' lang='lat' dir='ltr'><strong>tem</strong></span> <span class='ocrx_word' id='word_1_287' title='bbox 243 3001 320 3061; x_wconf 89' lang='lat' dir='ltr'><strong>citat.</strong></span> <span class='ocrx_word' id='word_1_288' title='bbox 349 3001 480 3062; x_wconf 86' lang='lat' dir='ltr'><strong>Medicus</strong></span> <span class='ocrx_word' id='word_1_289' title='bbox 501 3002 611 3076; x_wconf 79' lang='lat' dir='ltr'><strong>Anglus</strong></span> <span class='ocrx_word' id='word_1_290' title='bbox 624 3000 787 3060; x_wconf 80' lang='lat' dir='ltr'><strong>Frielrmore</strong></span> 
     </span>
     <span class='ocr_line' id='line_1_53' title="bbox 166 3077 787 3152; baseline 0.003 -17"><span class='ocrx_word' id='word_1_291' title='bbox 166 3077 218 3136; x_wconf 91' lang='lat' dir='ltr'><strong>hoc</strong></span> <span class='ocrx_word' id='word_1_292' title='bbox 244 3080 366 3152; x_wconf 84' lang='lat' dir='ltr'><strong>ponebat</strong></span> <span class='ocrx_word' id='word_1_293' title='bbox 392 3079 517 3147; x_wconf 83' lang='lat' dir='ltr'><strong>axioma,</strong></span> <span class='ocrx_word' id='word_1_294' title='bbox 543 3079 594 3137; x_wconf 73' lang='lat' dir='ltr'><strong>let</strong></span> <span class='ocrx_word' id='word_1_295' title='bbox 619 3079 662 3136; x_wconf 67' lang='lat' dir='ltr'><strong>aa</strong></span> <span class='ocrx_word' id='word_1_296' title='bbox 680 3079 787 3137; x_wconf 62' lang='lat' dir='ltr'><strong>aanor</strong></span> 
     </span>
     <span class='ocr_line' id='line_1_54' title="bbox 165 3154 786 3234; baseline 0.005 -22"><span class='ocrx_word' id='word_1_297' title='bbox 165 3155 200 3230; x_wconf 76' lang='lat' dir='ltr'><strong>cf</strong></span> <span class='ocrx_word' id='word_1_298' title='bbox 220 3154 263 3212; x_wconf 78' lang='lat' dir='ltr'><strong>ltin</strong></span> <span class='ocrx_word' id='word_1_299' title='bbox 281 3155 411 3234; x_wconf 72' lang='lat' dir='ltr'><strong>lleediepr</strong></span> <span class='ocrx_word' id='word_1_300' title='bbox 430 3154 485 3214; x_wconf 84' lang='lat' dir='ltr'><strong>arrd</strong></span> <span class='ocrx_word' id='word_1_301' title='bbox 497 3157 659 3232; x_wconf 70' lang='lat' dir='ltr'><strong>perustione</strong></span> <span class='ocrx_word' id='word_1_302' title='bbox 678 3156 708 3215; x_wconf 81' lang='lat' dir='ltr'><strong>le</strong></span> <span class='ocrx_word' id='word_1_303' title='bbox 727 3154 786 3215; x_wconf 81' lang='lat' dir='ltr'><strong>odd.</strong></span> 
     </span>
     <span class='ocr_line' id='line_1_55' title="bbox 167 3232 621 3309; baseline 0.007 -20"><span class='ocrx_word' id='word_1_304' title='bbox 167 3232 283 3289; x_wconf 80' lang='lat' dir='ltr'><strong>Numero</strong></span> <span class='ocrx_word' id='word_1_305' title='bbox 303 3235 376 3292; x_wconf 80' lang='lat' dir='ltr'><strong>Deae</strong></span> <span class='ocrx_word' id='word_1_306' title='bbox 394 3233 499 3308; x_wconf 73' lang='lat' dir='ltr'><strong>bnpm</strong></span> <span class='ocrx_word' id='word_1_307' title='bbox 514 3232 621 3309; x_wconf 70' lang='lat' dir='ltr'><strong>pandet.</strong></span> 
     </span>
    </p>

    <p class='ocr_par' dir='ltr' id='par_1_14' title="bbox 129 3307 787 3596">
     <span class='ocr_line' id='line_1_56' title="bbox 129 3307 786 3388; baseline 0.006 -21"><span class='ocrx_word' id='word_1_308' title='bbox 129 3307 244 3377; x_wconf 75' lang='lat' dir='ltr'><strong>DASK,</strong></span> <span class='ocrx_word' id='word_1_309' title='bbox 275 3326 311 3368; x_wconf 89' lang='lat' dir='ltr'><strong>m.</strong></span> <span class='ocrx_word' id='word_1_310' title='bbox 331 3309 397 3369; x_wconf 88' lang='lat' dir='ltr'><strong>F.b.</strong></span> <span class='ocrx_word' id='word_1_311' title='bbox 417 3309 527 3388; x_wconf 84' lang='lat' dir='ltr'><strong>patina,</strong></span> <span class='ocrx_word' id='word_1_312' title='bbox 554 3329 618 3379; x_wconf 83' lang='lat' dir='ltr'><strong>vas,</strong></span> <span class='ocrx_word' id='word_1_313' title='bbox 640 3309 702 3369; x_wconf 88' lang='lat' dir='ltr'><strong>Joh.</strong></span> <span class='ocrx_word' id='word_1_314' title='bbox 723 3312 786 3371; x_wconf 86' lang='lat'><strong>101.</strong></span> 
     </span>
     <span class='ocr_line' id='line_1_57' title="bbox 167 3383 786 3463; baseline 0.01 -23"><span class='ocrx_word' id='word_1_315' title='bbox 167 3385 234 3460; x_wconf 75' lang='lat' dir='ltr'><strong>Aga.</strong></span> <span class='ocrx_word' id='word_1_316' title='bbox 253 3383 322 3456; x_wconf 66' lang='lat' dir='ltr'><strong>duc,</strong></span> <span class='ocrx_word' id='word_1_317' title='bbox 344 3387 415 3463; x_wconf 78' lang='lat' dir='ltr'><strong>Aug.</strong></span> <span class='ocrx_word' id='word_1_318' title='bbox 428 3387 500 3456; x_wconf 70' lang='lat' dir='ltr'><strong>dut,</strong></span> <span class='ocrx_word' id='word_1_319' title='bbox 519 3385 596 3444; x_wconf 89' lang='lat' dir='ltr'><strong>uude</strong></span> <span class='ocrx_word' id='word_1_320' title='bbox 608 3387 641 3446; x_wconf 91' lang='lat' dir='ltr'><strong>F.</strong></span> <span class='ocrx_word' id='word_1_321' title='bbox 655 3387 786 3462; x_wconf 80' lang='lat' dir='ltr'><strong>candieje,</strong></span> 
     </span>
     <span class='ocr_line' id='line_1_58' title="bbox 166 3461 787 3596; baseline 0.006 -77"><span class='ocrx_word' id='word_1_322' title='bbox 166 3480 266 3596; x_wconf 71' lang='lat' dir='ltr'><strong>pprare</strong></span> <span class='ocrx_word' id='word_1_323' title='bbox 286 3480 425 3533; x_wconf 88' lang='lat' dir='ltr'><strong>menssm;</strong></span> <span class='ocrx_word' id='word_1_324' title='bbox 451 3461 565 3538; x_wconf 80' lang='lat' dir='ltr'><strong>opdirje,</strong></span> <span class='ocrx_word' id='word_1_325' title='bbox 584 3463 730 3542; x_wconf 88' lang='lat' dir='ltr'><strong>imponere</strong></span> <span class='ocrx_word' id='word_1_326' title='bbox 751 3464 787 3522; x_wconf 91' lang='lat' dir='ltr'><strong>ci-</strong></span> 
     </span>
    </p>

    <p class='ocr_par' dir='ltr' id='par_1_15' title="bbox 165 3538 787 4311">
     <span class='ocr_line' id='line_1_59' title="bbox 205 3538 787 3600; baseline 0.005 -4"><span class='ocrx_word' id='word_1_327' title='bbox 205 3557 219 3596; x_wconf 92' lang='lat' dir='ltr'><strong>r</strong></span> <span class='ocrx_word' id='word_1_328' title='bbox 238 3556 350 3598; x_wconf 79' lang='lat' dir='ltr'><strong>mensae.</strong></span> <span class='ocrx_word' id='word_1_329' title='bbox 370 3539 433 3598; x_wconf 85' lang='lat' dir='ltr'><strong>Lat.</strong></span> <span class='ocrx_word' id='word_1_330' title='bbox 453 3538 548 3597; x_wconf 74' lang='lat' dir='ltr'><strong>diceus</strong></span> <span class='ocrx_word' id='word_1_331' title='bbox 568 3539 671 3599; x_wconf 83' lang='lat' dir='ltr'><strong>Primae</strong></span> <span class='ocrx_word' id='word_1_332' title='bbox 683 3541 787 3600; x_wconf 88' lang='lat' dir='ltr'><strong>Frisio-</strong></span> 
     </span>
     <span class='ocr_line' id='line_1_60' title="bbox 167 3615 787 3706; baseline 0.003 -32"><span class='ocrx_word' id='word_1_333' title='bbox 167 3634 231 3675; x_wconf 92' lang='lat' dir='ltr'><strong>rum</strong></span> <span class='ocrx_word' id='word_1_334' title='bbox 259 3615 366 3706; x_wconf 75' lang='lat' dir='ltr'><strong>patinaa</strong></span> <span class='ocrx_word' id='word_1_335' title='bbox 395 3619 474 3677; x_wconf 85' lang='lat' dir='ltr'><strong>erant</strong></span> <span class='ocrx_word' id='word_1_336' title='bbox 494 3616 572 3693; x_wconf 82' lang='lat' dir='ltr'><strong>parvi</strong></span> <span class='ocrx_word' id='word_1_337' title='bbox 591 3616 660 3676; x_wconf 80' lang='lat' dir='ltr'><strong>disci</strong></span> <span class='ocrx_word' id='word_1_338' title='bbox 685 3617 787 3693; x_wconf 81' lang='lat' dir='ltr'><strong>lignei,</strong></span> 
     </span>
     <span class='ocr_line' id='line_1_61' title="bbox 166 3693 787 3830; baseline 0.003 -79"><span class='ocrx_word' id='word_1_339' title='bbox 166 3693 195 3830; x_wconf 67' lang='lat' dir='ltr'><strong>ilp</strong></span> <span class='ocrx_word' id='word_1_340' title='bbox 216 3693 323 3784; x_wconf 75' lang='lat' dir='ltr'><strong>quibus</strong></span> <span class='ocrx_word' id='word_1_341' title='bbox 343 3694 544 3830; x_wconf 58' lang='lat' dir='ltr'><strong>convivafistiupe</strong></span> <span class='ocrx_word' id='word_1_342' title='bbox 557 3694 669 3753; x_wconf 86' lang='lat' dir='ltr'><strong>secabat</strong></span> <span class='ocrx_word' id='word_1_343' title='bbox 682 3712 787 3785; x_wconf 72' lang='lat' dir='ltr'><strong>oarnep.</strong></span> 
     </span>
     <span class='ocr_line' id='line_1_62' title="bbox 166 3776 786 3924; baseline 0.003 -18"><span class='ocrx_word' id='word_1_344' title='bbox 166 3776 386 3924; x_wconf 40' lang='lat' dir='ltr'><strong>..litantis</strong></span> <span class='ocrx_word' id='word_1_345' title='bbox 399 3789 786 3919; x_wconf 71' lang='lat' dir='ltr'><strong>⁶t1.t.·.¹..?¹&#39;li.t.‘‚⁰”.¹:</strong></span> 
     </span>
     <span class='ocr_line' id='line_1_63' title="bbox 166 3924 786 4005; baseline 0.002 -22"><span class='ocrx_word' id='word_1_346' title='bbox 166 3924 238 3983; x_wconf 79' lang='lat' dir='ltr'><strong>diseo</strong></span> <span class='ocrx_word' id='word_1_347' title='bbox 264 3924 353 3996; x_wconf 88' lang='lat' dir='ltr'><strong>diota,</strong></span> <span class='ocrx_word' id='word_1_348' title='bbox 379 3925 455 4005; x_wconf 85' lang='lat' dir='ltr'><strong>quod</strong></span> <span class='ocrx_word' id='word_1_349' title='bbox 481 3925 581 4004; x_wconf 75' lang='lat' dir='ltr'><strong>primae</strong></span> <span class='ocrx_word' id='word_1_350' title='bbox 605 3945 708 3985; x_wconf 82' lang='lat' dir='ltr'><strong>mensae</strong></span> <span class='ocrx_word' id='word_1_351' title='bbox 728 3945 786 3984; x_wconf 92' lang='lat' dir='ltr'><strong>mo·</strong></span> 
     </span>
     <span class='ocr_line' id='line_1_64' title="bbox 168 3999 786 4080; baseline 0.005 -21"><span class='ocrx_word' id='word_1_352' title='bbox 168 3999 251 4072; x_wconf 89' lang='lat' dir='ltr'><strong>biles,</strong></span> <span class='ocrx_word' id='word_1_353' title='bbox 277 4021 371 4080; x_wconf 79' lang='lat' dir='ltr'><strong>perere</strong></span> <span class='ocrx_word' id='word_1_354' title='bbox 390 4011 419 4063; x_wconf 89' lang='lat' dir='ltr'><strong>et</strong></span> <span class='ocrx_word' id='word_1_355' title='bbox 442 4003 574 4063; x_wconf 77' lang='lat' dir='ltr'><strong>mtunoae</strong></span> <span class='ocrx_word' id='word_1_356' title='bbox 593 4008 679 4063; x_wconf 85' lang='lat' dir='ltr'><strong>erant</strong></span> <span class='ocrx_word' id='word_1_357' title='bbox 708 4003 786 4062; x_wconf 79' lang='lat' dir='ltr'><strong>Alte·</strong></span> 
     </span>
     <span class='ocr_line' id='line_1_65' title="bbox 166 4079 786 4218; baseline 0.005 -5"><span class='ocrx_word' id='word_1_358' title='bbox 166 4096 229 4213; x_wconf 76' lang='lat' dir='ltr'><strong>ar</strong></span> <span class='ocrx_word' id='word_1_359' title='bbox 253 4079 786 4218; x_wconf 43' lang='lat' dir='ltr'><strong>restituerentur</strong></span> 
     </span>
     <span class='ocr_line' id='line_1_66' title="bbox 165 4203 785 4311; baseline 0.005 -21"><span class='ocrx_word' id='word_1_360' title='bbox 165 4250 211 4290; x_wconf 85' lang='lat' dir='ltr'><strong>aas</strong></span> <span class='ocrx_word' id='word_1_361' title='bbox 230 4230 378 4292; x_wconf 83' lang='lat' dir='ltr'><strong>hodiernus</strong></span> <span class='ocrx_word' id='word_1_362' title='bbox 398 4234 538 4293; x_wconf 80' lang='lat' dir='ltr'><strong>veteribus</strong></span> <span class='ocrx_word' id='word_1_363' title='bbox 550 4203 642 4293; x_wconf 58' lang='lat' dir='ltr'><strong>&#39;tunae</strong></span> <span class='ocrx_word' id='word_1_364' title='bbox 661 4234 785 4311; x_wconf 61' lang='lat' dir='ltr'><strong>ignotam</strong></span> 
     </span>
    </p>
   </div>
   <div class='ocr_carea' id='block_1_14' title="bbox 859 2079 1499 4310">
    <p class='ocr_par' dir='ltr' id='par_1_16' title="bbox 859 2079 1499 4310">
     <span class='ocr_line' id='line_1_67' title="bbox 862 2079 1486 2155; baseline -0.003 -17"><span class='ocrx_word' id='word_1_365' title='bbox 862 2079 938 2139; x_wconf 86' lang='lat' dir='ltr'><strong>ouati</strong></span> <span class='ocrx_word' id='word_1_366' title='bbox 963 2080 1203 2152; x_wconf 85' lang='lat' dir='ltr'><strong>obturamentum)</strong></span> <span class='ocrx_word' id='word_1_367' title='bbox 1225 2080 1390 2138; x_wconf 85' lang='lat' dir='ltr'><strong>continuare</strong></span> <span class='ocrx_word' id='word_1_368' title='bbox 1415 2098 1486 2155; x_wconf 89' lang='lat' dir='ltr'><strong>nup·</strong></span> 
     </span>
     <span class='ocr_line' id='line_1_68' title="bbox 862 2156 1485 2234; baseline -0.002 -20"><span class='ocrx_word' id='word_1_369' title='bbox 862 2157 916 2214; x_wconf 84' lang='lat' dir='ltr'><strong>tias</strong></span> <span class='ocrx_word' id='word_1_370' title='bbox 943 2167 1057 2234; x_wconf 87' lang='lat' dir='ltr'><strong>postero</strong></span> <span class='ocrx_word' id='word_1_371' title='bbox 1079 2156 1136 2224; x_wconf 92' lang='lat' dir='ltr'><strong>die,</strong></span> <span class='ocrx_word' id='word_1_372' title='bbox 1158 2156 1315 2233; x_wconf 86' lang='lat' dir='ltr'><strong>antiquitus</strong></span> <span class='ocrx_word' id='word_1_373' title='bbox 1336 2176 1412 2233; x_wconf 86' lang='lat' dir='ltr'><strong>saepe</strong></span> <span class='ocrx_word' id='word_1_374' title='bbox 1434 2175 1485 2232; x_wconf 92' lang='lat' dir='ltr'><strong>per</strong></span> 
     </span>
     <span class='ocr_line' id='line_1_69' title="bbox 862 2232 1486 2310; baseline -0.003 -19"><span class='ocrx_word' id='word_1_375' title='bbox 862 2236 953 2291; x_wconf 90' lang='lat' dir='ltr'><strong>totum</strong></span> <span class='ocrx_word' id='word_1_376' title='bbox 968 2232 1181 2291; x_wconf 86' lang='lat' dir='ltr'><strong>hebdomadem.</strong></span> <span class='ocrx_word' id='word_1_377' title='bbox 1213 2233 1246 2290; x_wconf 95' lang='lat' dir='ltr'><strong>ln</strong></span> <span class='ocrx_word' id='word_1_378' title='bbox 1261 2233 1372 2310; x_wconf 91' lang='lat' dir='ltr'><strong>oppidis</strong></span> <span class='ocrx_word' id='word_1_379' title='bbox 1386 2232 1486 2291; x_wconf 86' lang='lat' dir='ltr'><strong>Frisiae</strong></span> 
     </span>
     <span class='ocr_line' id='line_1_70' title="bbox 862 2308 1485 2399; baseline 0 -32"><span class='ocrx_word' id='word_1_380' title='bbox 862 2308 939 2368; x_wconf 90' lang='lat' dir='ltr'><strong>lrnuc</strong></span> <span class='ocrx_word' id='word_1_381' title='bbox 965 2309 1155 2399; x_wconf 79' lang='lat' dir='ltr'><strong>sequebantur</strong></span> <span class='ocrx_word' id='word_1_382' title='bbox 1182 2309 1308 2367; x_wconf 90' lang='lat' dir='ltr'><strong>ordinem</strong></span> <span class='ocrx_word' id='word_1_383' title='bbox 1315 2333 1323 2378; x_wconf 87' lang='lat'>;</span> <span class='ocrx_word' id='word_1_384' title='bbox 1353 2309 1398 2367; x_wconf 89' lang='lat' dir='ltr'><strong>die</strong></span> <span class='ocrx_word' id='word_1_385' title='bbox 1418 2308 1485 2367; x_wconf 88' lang='lat' dir='ltr'><strong>solis</strong></span> 
     </span>
     <span class='ocr_line' id='line_1_71' title="bbox 864 2385 1485 2463; baseline 0 -18"><span class='ocrx_word' id='word_1_386' title='bbox 864 2386 1078 2462; x_wconf 83' lang='lat' dir='ltr'><strong>consanguinei,</strong></span> <span class='ocrx_word' id='word_1_387' title='bbox 1113 2385 1195 2444; x_wconf 90' lang='lat' dir='ltr'><strong>liberi</strong></span> <span class='ocrx_word' id='word_1_388' title='bbox 1227 2392 1254 2444; x_wconf 91' lang='lat' dir='ltr'><strong>et</strong></span> <span class='ocrx_word' id='word_1_389' title='bbox 1283 2386 1365 2463; x_wconf 90' lang='lat' dir='ltr'><strong>pueri</strong></span> <span class='ocrx_word' id='word_1_390' title='bbox 1396 2405 1485 2463; x_wconf 91' lang='lat' dir='ltr'><strong>usque</strong></span> 
     </span>
     <span class='ocr_line' id='line_1_72' title="bbox 863 2462 1487 2541; baseline 0 -20"><span class='ocrx_word' id='word_1_391' title='bbox 863 2463 899 2521; x_wconf 88' lang='lat' dir='ltr'><strong>ed</strong></span> <span class='ocrx_word' id='word_1_392' title='bbox 926 2469 1058 2541; x_wconf 87' lang='lat' dir='ltr'><strong>quartum</strong></span> <span class='ocrx_word' id='word_1_393' title='bbox 1086 2462 1205 2538; x_wconf 86' lang='lat' dir='ltr'><strong>gradum</strong></span> <span class='ocrx_word' id='word_1_394' title='bbox 1231 2463 1346 2540; x_wconf 88' lang='lat' dir='ltr'><strong>nuptias</strong></span> <span class='ocrx_word' id='word_1_395' title='bbox 1367 2462 1487 2522; x_wconf 88' lang='lat' dir='ltr'><strong>eelebre-</strong></span> 
     </span>
     <span class='ocr_line' id='line_1_73' title="bbox 862 2539 1486 2611; baseline -0.003 -12"><span class='ocrx_word' id='word_1_396' title='bbox 862 2540 948 2611; x_wconf 86' lang='lat' dir='ltr'><strong>baut;</strong></span> <span class='ocrx_word' id='word_1_397' title='bbox 974 2539 1019 2599; x_wconf 91' lang='lat' dir='ltr'><strong>die</strong></span> <span class='ocrx_word' id='word_1_398' title='bbox 1046 2540 1142 2599; x_wconf 91' lang='lat' dir='ltr'><strong>martis</strong></span> <span class='ocrx_word' id='word_1_399' title='bbox 1163 2539 1245 2598; x_wconf 87' lang='lat' dir='ltr'><strong>amici</strong></span> <span class='ocrx_word' id='word_1_400' title='bbox 1266 2547 1293 2598; x_wconf 92' lang='lat' dir='ltr'><strong>et</strong></span> <span class='ocrx_word' id='word_1_401' title='bbox 1314 2540 1412 2609; x_wconf 81' lang='lat' dir='ltr'><strong>vicini3</strong></span> <span class='ocrx_word' id='word_1_402' title='bbox 1440 2539 1486 2597; x_wconf 90' lang='lat' dir='ltr'><strong>die</strong></span> 
     </span>
     <span class='ocr_line' id='line_1_74' title="bbox 859 2617 1485 2694; baseline -0.002 -18"><span class='ocrx_word' id='word_1_403' title='bbox 859 2617 934 2693; x_wconf 83' lang='lat' dir='ltr'><strong>jovis</strong></span> <span class='ocrx_word' id='word_1_404' title='bbox 961 2617 1071 2687; x_wconf 79' lang='lat' dir='ltr'><strong>famuli,</strong></span> <span class='ocrx_word' id='word_1_405' title='bbox 1097 2618 1211 2675; x_wconf 85' lang='lat' dir='ltr'><strong>famulae</strong></span> <span class='ocrx_word' id='word_1_406' title='bbox 1239 2624 1267 2675; x_wconf 89' lang='lat' dir='ltr'><strong>et</strong></span> <span class='ocrx_word' id='word_1_407' title='bbox 1288 2617 1408 2694; x_wconf 81' lang='lat' dir='ltr'><strong>operarii</strong></span> <span class='ocrx_word' id='word_1_408' title='bbox 1428 2624 1485 2675; x_wconf 90' lang='lat' dir='ltr'><strong>tam</strong></span> 
     </span>
     <span class='ocr_line' id='line_1_75' title="bbox 865 2693 1487 2772; baseline -0.003 -20"><span class='ocrx_word' id='word_1_409' title='bbox 865 2695 955 2771; x_wconf 85' lang='lat' dir='ltr'><strong>gentis</strong></span> <span class='ocrx_word' id='word_1_410' title='bbox 976 2713 1060 2772; x_wconf 86' lang='lat' dir='ltr'><strong>quem</strong></span> <span class='ocrx_word' id='word_1_411' title='bbox 1081 2694 1269 2752; x_wconf 79' lang='lat' dir='ltr'><strong>convivatoris</strong></span> <span class='ocrx_word' id='word_1_412' title='bbox 1276 2720 1283 2763; x_wconf 90' lang='lat'>;</span> <span class='ocrx_word' id='word_1_413' title='bbox 1315 2693 1360 2751; x_wconf 90' lang='lat' dir='ltr'><strong>die</strong></span> <span class='ocrx_word' id='word_1_414' title='bbox 1380 2693 1487 2751; x_wconf 88' lang='lat' dir='ltr'><strong>saturni</strong></span> 
     </span>
     <span class='ocr_line' id='line_1_76' title="bbox 863 2769 1485 2848; baseline -0.005 -19"><span class='ocrx_word' id='word_1_415' title='bbox 863 2772 961 2848; x_wconf 85' lang='lat' dir='ltr'><strong>oppidi</strong></span> <span class='ocrx_word' id='word_1_416' title='bbox 992 2771 1109 2848; x_wconf 88' lang='lat' dir='ltr'><strong>ejusque</strong></span> <span class='ocrx_word' id='word_1_417' title='bbox 1136 2770 1258 2829; x_wconf 91' lang='lat' dir='ltr'><strong>ambitus</strong></span> <span class='ocrx_word' id='word_1_418' title='bbox 1286 2789 1423 2848; x_wconf 88' lang='lat' dir='ltr'><strong>pauperes</strong></span> <span class='ocrx_word' id='word_1_419' title='bbox 1450 2769 1485 2827; x_wconf 86' lang='lat' dir='ltr'><strong>ed</strong></span> 
     </span>
     <span class='ocr_line' id='line_1_77' title="bbox 863 2846 1496 2927; baseline -0.003 -21"><span class='ocrx_word' id='word_1_420' title='bbox 863 2848 1046 2927; x_wconf 86' lang='lat' dir='ltr'><strong>prandiorum</strong></span> <span class='ocrx_word' id='word_1_421' title='bbox 1090 2847 1222 2924; x_wconf 88' lang='lat' dir='ltr'><strong>reliquias</strong></span> <span class='ocrx_word' id='word_1_422' title='bbox 1263 2846 1496 2917; x_wconf 66' lang='lat' dir='ltr'><strong>consumendus,¹</strong></span> 
     </span>
     <span class='ocr_line' id='line_1_78' title="bbox 863 2923 1487 3003; baseline -0.005 -20"><span class='ocrx_word' id='word_1_423' title='bbox 863 2925 938 3003; x_wconf 92' lang='lat' dir='ltr'><strong>quod</strong></span> <span class='ocrx_word' id='word_1_424' title='bbox 958 2924 1138 2998; x_wconf 82' lang='lat' dir='ltr'><strong>dduk·alilrjen</strong></span> <span class='ocrx_word' id='word_1_425' title='bbox 1159 2924 1347 3001; x_wconf 85' lang='lat' dir='ltr'><strong>appellabant.</strong></span> <span class='ocrx_word' id='word_1_426' title='bbox 1381 2923 1487 2981; x_wconf 85' lang='lat' dir='ltr'><strong>Hinda-</strong></span> 
     </span>
     <span class='ocr_line' id='line_1_79' title="bbox 862 3000 1486 3079; baseline -0.005 -19"><span class='ocrx_word' id='word_1_427' title='bbox 862 3003 995 3079; x_wconf 89' lang='lat' dir='ltr'><strong>lopenses</strong></span> <span class='ocrx_word' id='word_1_428' title='bbox 1022 3021 1134 3060; x_wconf 90' lang='lat' dir='ltr'><strong>morum</strong></span> <span class='ocrx_word' id='word_1_429' title='bbox 1167 3001 1347 3078; x_wconf 87' lang='lat' dir='ltr'><strong>antiquorum</strong></span> <span class='ocrx_word' id='word_1_430' title='bbox 1379 3000 1486 3059; x_wconf 84' lang='lat' dir='ltr'><strong>caeteris</strong></span> 
     </span>
     <span class='ocr_line' id='line_1_80' title="bbox 861 3078 1499 3156; baseline -0.006 -19"><span class='ocrx_word' id='word_1_431' title='bbox 861 3079 1030 3146; x_wconf 43' lang='lat' dir='ltr'><strong>tenaciores,</strong></span> <span class='ocrx_word' id='word_1_432' title='bbox 1046 3079 1077 3138; x_wconf 93' lang='lat' dir='ltr'><strong>in</strong></span> <span class='ocrx_word' id='word_1_433' title='bbox 1110 3078 1189 3137; x_wconf 84' lang='lat' dir='ltr'><strong>iestis</strong></span> <span class='ocrx_word' id='word_1_434' title='bbox 1218 3079 1394 3156; x_wconf 83' lang='lat' dir='ltr'><strong>nuptialibus</strong></span> <span class='ocrx_word' id='word_1_435' title='bbox 1424 3096 1499 3135; x_wconf 77' lang='lat' dir='ltr'><strong>om-.</strong></span> 
     </span>
     <span class='ocr_line' id='line_1_81' title="bbox 861 3155 1485 3215; baseline -0.006 0"><span class='ocrx_word' id='word_1_436' title='bbox 861 3176 911 3215; x_wconf 90' lang='lat' dir='ltr'><strong>nes</strong></span> <span class='ocrx_word' id='word_1_437' title='bbox 938 3156 1020 3215; x_wconf 88' lang='lat' dir='ltr'><strong>hosce</strong></span> <span class='ocrx_word' id='word_1_438' title='bbox 1047 3155 1159 3214; x_wconf 90' lang='lat' dir='ltr'><strong>ordines</strong></span> <span class='ocrx_word' id='word_1_439' title='bbox 1180 3155 1252 3213; x_wconf 91' lang='lat' dir='ltr'><strong>inter</strong></span> <span class='ocrx_word' id='word_1_440' title='bbox 1272 3175 1302 3214; x_wconf 88' lang='lat' dir='ltr'><strong>se</strong></span> <span class='ocrx_word' id='word_1_441' title='bbox 1322 3155 1485 3214; x_wconf 81' lang='lat' dir='ltr'><strong>miscebant.</strong></span> 
     </span>
     <span class='ocr_line' id='line_1_82' title="bbox 862 3232 1487 3309; baseline -0.003 -17"><span class='ocrx_word' id='word_1_442' title='bbox 862 3233 965 3292; x_wconf 80' lang='lat' dir='ltr'><strong>(lonler</strong></span> <span class='ocrx_word' id='word_1_443' title='bbox 984 3233 1056 3291; x_wconf 90' lang='lat' dir='ltr'><strong>hanc</strong></span> <span class='ocrx_word' id='word_1_444' title='bbox 1075 3233 1300 3301; x_wconf 70' lang='lat' dir='ltr'><strong>annotationem</strong></span> <span class='ocrx_word' id='word_1_445' title='bbox 1325 3235 1367 3290; x_wconf 86' lang='lat' dir='ltr'><strong>De</strong></span> <span class='ocrx_word' id='word_1_446' title='bbox 1384 3232 1487 3309; x_wconf 75' lang='lat' dir='ltr'><strong>pondera</strong></span> 
     </span>
     <span class='ocr_line' id='line_1_83' title="bbox 861 3308 1487 3386; baseline -0.005 -17"><span class='ocrx_word' id='word_1_447' title='bbox 861 3311 973 3386; x_wconf 59' lang='lat' dir='ltr'><strong>multost</strong></span> <span class='ocrx_word' id='word_1_448' title='bbox 1000 3312 1056 3384; x_wconf 82' lang='lat' dir='ltr'><strong>sea</strong></span> <span class='ocrx_word' id='word_1_449' title='bbox 1091 3312 1189 3368; x_wconf 84' lang='lat' dir='ltr'><strong>Douwe</strong></span> <span class='ocrx_word' id='word_1_450' title='bbox 1221 3329 1255 3385; x_wconf 84' lang='lat' dir='ltr'><strong>op</strong></span> <span class='ocrx_word' id='word_1_451' title='bbox 1288 3311 1401 3367; x_wconf 67' lang='lat' dir='ltr'><strong>&amp;edum</strong></span> <span class='ocrx_word' id='word_1_452' title='bbox 1435 3308 1487 3366; x_wconf 83' lang='lat' dir='ltr'><strong>mei</strong></span> 
     </span>
     <span class='ocr_line' id='line_1_84' title="bbox 861 3386 1487 3462; baseline -0.003 -18"><span class='ocrx_word' id='word_1_453' title='bbox 861 3389 936 3462; x_wconf 82' lang='lat' dir='ltr'><strong>Aeslr</strong></span> <span class='ocrx_word' id='word_1_454' title='bbox 967 3389 1068 3445; x_wconf 84' lang='lat' dir='ltr'><strong>Herrea</strong></span> <span class='ocrx_word' id='word_1_455' title='bbox 1098 3387 1206 3444; x_wconf 66' lang='lat' dir='ltr'><strong>ductim</strong></span> <span class='ocrx_word' id='word_1_456' title='bbox 1236 3387 1376 3444; x_wconf 82' lang='lat' dir='ltr'><strong>Rieselada</strong></span> <span class='ocrx_word' id='word_1_457' title='bbox 1405 3386 1487 3443; x_wconf 81' lang='lat' dir='ltr'><strong>darre</strong></span> 
     </span>
     <span class='ocr_line' id='line_1_85' title="bbox 861 3463 1487 3536; baseline -0.003 -15"><span class='ocrx_word' id='word_1_458' title='bbox 861 3465 913 3521; x_wconf 86' lang='lat' dir='ltr'><strong>mei</strong></span> <span class='ocrx_word' id='word_1_459' title='bbox 938 3464 962 3522; x_wconf 83' lang='lat' dir='ltr'><strong>u</strong></span> <span class='ocrx_word' id='word_1_460' title='bbox 980 3464 1160 3536; x_wconf 59' lang='lat' dir='ltr'><strong>duur-suren</strong></span> <span class='ocrx_word' id='word_1_461' title='bbox 1177 3465 1225 3527; x_wconf 80' lang='lat' dir='ltr'><strong>sen</strong></span> <span class='ocrx_word' id='word_1_462' title='bbox 1246 3463 1343 3519; x_wconf 81' lang='lat' dir='ltr'><strong>d’a&#39;ene</strong></span> <span class='ocrx_word' id='word_1_463' title='bbox 1362 3463 1437 3520; x_wconf 73' lang='lat' dir='ltr'><strong>ereis</strong></span> <span class='ocrx_word' id='word_1_464' title='bbox 1457 3466 1487 3519; x_wconf 82' lang='lat' dir='ltr'><strong>ta</strong></span> 
     </span>
     <span class='ocr_line' id='line_1_86' title="bbox 860 3539 1487 3613; baseline -0.005 -15"><span class='ocrx_word' id='word_1_465' title='bbox 860 3541 890 3598; x_wconf 82' lang='lat' dir='ltr'><strong>di</strong></span> <span class='ocrx_word' id='word_1_466' title='bbox 908 3559 979 3597; x_wconf 85' lang='lat' dir='ltr'><strong>core.</strong></span> <span class='ocrx_word' id='word_1_467' title='bbox 1010 3541 1063 3598; x_wconf 85' lang='lat' dir='ltr'><strong>Nei</strong></span> <span class='ocrx_word' id='word_1_468' title='bbox 1076 3540 1106 3596; x_wconf 79' lang='lat' dir='ltr'><strong>di</strong></span> <span class='ocrx_word' id='word_1_469' title='bbox 1119 3539 1231 3613; x_wconf 76' lang='lat' dir='ltr'><strong>braitoft</strong></span> <span class='ocrx_word' id='word_1_470' title='bbox 1248 3539 1384 3596; x_wconf 70' lang='lat' dir='ltr'><strong>demendi</strong></span> <span class='ocrx_word' id='word_1_471' title='bbox 1399 3556 1487 3596; x_wconf 77' lang='lat' dir='ltr'><strong>carme</strong></span> 
     </span>
     <span class='ocr_line' id='line_1_87' title="bbox 860 3615 1487 3688; baseline -0.005 -14"><span class='ocrx_word' id='word_1_472' title='bbox 860 3617 974 3675; x_wconf 74' lang='lat' dir='ltr'><strong>acinacen</strong></span> <span class='ocrx_word' id='word_1_473' title='bbox 993 3617 1030 3673; x_wconf 83' lang='lat' dir='ltr'><strong>da</strong></span> <span class='ocrx_word' id='word_1_474' title='bbox 1049 3616 1150 3673; x_wconf 73' lang='lat' dir='ltr'><strong>allidere</strong></span> <span class='ocrx_word' id='word_1_475' title='bbox 1170 3620 1197 3672; x_wconf 73' lang='lat' dir='ltr'><strong>ta</strong></span> <span class='ocrx_word' id='word_1_476' title='bbox 1210 3615 1406 3688; x_wconf 70' lang='lat' dir='ltr'><strong>ddubelilrjen,</strong></span> <span class='ocrx_word' id='word_1_477' title='bbox 1426 3615 1452 3672; x_wconf 89' lang='lat' dir='ltr'><strong>d.</strong></span> <span class='ocrx_word' id='word_1_478' title='bbox 1469 3615 1487 3672; x_wconf 94' lang='lat' dir='ltr'><strong>i.</strong></span> 
     </span>
     <span class='ocr_line' id='line_1_88' title="bbox 861 3692 1486 3768; baseline -0.003 -16"><span class='ocrx_word' id='word_1_479' title='bbox 861 3694 914 3752; x_wconf 84' lang='lat' dir='ltr'><strong>alle</strong></span> <span class='ocrx_word' id='word_1_480' title='bbox 942 3694 1016 3764; x_wconf 73' lang='lat' dir='ltr'><strong>lenies</strong></span> <span class='ocrx_word' id='word_1_481' title='bbox 1036 3696 1091 3768; x_wconf 83' lang='lat' dir='ltr'><strong>sen</strong></span> <span class='ocrx_word' id='word_1_482' title='bbox 1120 3692 1150 3751; x_wconf 81' lang='lat' dir='ltr'><strong>di</strong></span> <span class='ocrx_word' id='word_1_483' title='bbox 1175 3692 1287 3761; x_wconf 81' lang='lat' dir='ltr'><strong>mjr&#39;ltiid</strong></span> <span class='ocrx_word' id='word_1_484' title='bbox 1313 3711 1346 3767; x_wconf 87' lang='lat' dir='ltr'><strong>op</strong></span> <span class='ocrx_word' id='word_1_485' title='bbox 1371 3697 1398 3750; x_wconf 85' lang='lat' dir='ltr'><strong>to</strong></span> <span class='ocrx_word' id='word_1_486' title='bbox 1422 3693 1486 3750; x_wconf 80' lang='lat' dir='ltr'><strong>iter.</strong></span> 
     </span>
     <span class='ocr_line' id='line_1_89' title="bbox 860 3768 1485 3844; baseline -0.005 -15"><span class='ocrx_word' id='word_1_487' title='bbox 860 3771 1031 3840; x_wconf 88' lang='lat' dir='ltr'><strong>Scheltema,</strong></span> <span class='ocrx_word' id='word_1_488' title='bbox 1059 3770 1199 3828; x_wconf 83' lang='lat' dir='ltr'><strong>Trouweu</strong></span> <span class='ocrx_word' id='word_1_489' title='bbox 1227 3789 1261 3827; x_wconf 93' lang='lat' dir='ltr'><strong>en</strong></span> <span class='ocrx_word' id='word_1_490' title='bbox 1288 3768 1394 3844; x_wconf 83' lang='lat' dir='ltr'><strong>Vrijen.</strong></span> <span class='ocrx_word' id='word_1_491' title='bbox 1420 3771 1485 3827; x_wconf 82' lang='lat'><strong>313.</strong></span> 
     </span>
     <span class='ocr_line' id='line_1_90' title="bbox 862 3845 1487 3907; baseline -0.003 -2"><span class='ocrx_word' id='word_1_492' title='bbox 862 3847 941 3907; x_wconf 87' lang='lat' dir='ltr'><strong>Idem</strong></span> <span class='ocrx_word' id='word_1_493' title='bbox 968 3846 1152 3906; x_wconf 81' lang='lat' dir='ltr'><strong>observabant</strong></span> <span class='ocrx_word' id='word_1_494' title='bbox 1179 3846 1248 3905; x_wconf 90' lang='lat' dir='ltr'><strong>olim</strong></span> <span class='ocrx_word' id='word_1_495' title='bbox 1276 3846 1385 3904; x_wconf 90' lang='lat' dir='ltr'><strong>nobiles</strong></span> <span class='ocrx_word' id='word_1_496' title='bbox 1412 3845 1487 3903; x_wconf 88' lang='lat' dir='ltr'><strong>inter</strong></span> 
     </span>
     <span class='ocr_line' id='line_1_91' title="bbox 860 3922 1483 4001; baseline -0.005 -19"><span class='ocrx_word' id='word_1_497' title='bbox 860 3924 982 3996; x_wconf 82' lang='lat' dir='ltr'><strong>Frisios,</strong></span> <span class='ocrx_word' id='word_1_498' title='bbox 1015 3943 1080 3984; x_wconf 91' lang='lat' dir='ltr'><strong>eum</strong></span> <span class='ocrx_word' id='word_1_499' title='bbox 1113 3943 1222 3983; x_wconf 85' lang='lat' dir='ltr'><strong>mensas</strong></span> <span class='ocrx_word' id='word_1_500' title='bbox 1257 3922 1483 4001; x_wconf 86' lang='lat' dir='ltr'><strong>exquisitissimis</strong></span> 
     </span>
     <span class='ocr_line' id='line_1_92' title="bbox 861 3997 1486 4079; baseline -0.01 -18"><span class='ocrx_word' id='word_1_501' title='bbox 861 4002 954 4079; x_wconf 90' lang='lat' dir='ltr'><strong>epulis</strong></span> <span class='ocrx_word' id='word_1_502' title='bbox 981 4002 1165 4061; x_wconf 86' lang='lat' dir='ltr'><strong>exstruebant</strong></span> <span class='ocrx_word' id='word_1_503' title='bbox 1172 4027 1180 4071; x_wconf 89' lang='lat'>;</span> <span class='ocrx_word' id='word_1_504' title='bbox 1208 4020 1305 4059; x_wconf 92' lang='lat' dir='ltr'><strong>earum</strong></span> <span class='ocrx_word' id='word_1_505' title='bbox 1326 3999 1400 4057; x_wconf 86' lang='lat' dir='ltr'><strong>enirn</strong></span> <span class='ocrx_word' id='word_1_506' title='bbox 1422 3997 1486 4056; x_wconf 91' lang='lat' dir='ltr'><strong>reli·</strong></span> 
     </span>
     <span class='ocr_line' id='line_1_93' title="bbox 860 4075 1483 4157; baseline -0.011 -18"><span class='ocrx_word' id='word_1_507' title='bbox 860 4080 941 4157; x_wconf 87' lang='lat' dir='ltr'><strong>quies</strong></span> <span class='ocrx_word' id='word_1_508' title='bbox 960 4098 1057 4138; x_wconf 89' lang='lat' dir='ltr'><strong>omnes</strong></span> <span class='ocrx_word' id='word_1_509' title='bbox 1079 4097 1181 4155; x_wconf 85' lang='lat' dir='ltr'><strong>easque</strong></span> <span class='ocrx_word' id='word_1_510' title='bbox 1203 4078 1293 4135; x_wconf 88' lang='lat' dir='ltr'><strong>lautas</strong></span> <span class='ocrx_word' id='word_1_511' title='bbox 1309 4075 1483 4154; x_wconf 89' lang='lat' dir='ltr'><strong>pauperibus</strong></span> 
     </span>
     <span class='ocr_line' id='line_1_94' title="bbox 860 4153 1488 4234; baseline -0.01 -18"><span class='ocrx_word' id='word_1_512' title='bbox 860 4157 910 4234; x_wconf 92' lang='lat' dir='ltr'><strong>qui</strong></span> <span class='ocrx_word' id='word_1_513' title='bbox 935 4164 999 4216; x_wconf 90' lang='lat' dir='ltr'><strong>ante</strong></span> <span class='ocrx_word' id='word_1_514' title='bbox 1026 4157 1100 4215; x_wconf 87' lang='lat' dir='ltr'><strong>aedes</strong></span> <span class='ocrx_word' id='word_1_515' title='bbox 1120 4158 1337 4222; x_wconf 88' lang='lat' dir='ltr'><strong>concurrerant,</strong></span> <span class='ocrx_word' id='word_1_516' title='bbox 1358 4172 1374 4210; x_wconf 92' lang='lat' dir='ltr'><strong>e</strong></span> <span class='ocrx_word' id='word_1_517' title='bbox 1395 4153 1488 4211; x_wconf 86' lang='lat' dir='ltr'><strong>lenes·</strong></span> 
     </span>
     <span class='ocr_line' id='line_1_95' title="bbox 859 4229 1406 4310; baseline -0.011 -18"><span class='ocrx_word' id='word_1_518' title='bbox 859 4233 910 4292; x_wconf 90' lang='lat' dir='ltr'><strong>tris</strong></span> <span class='ocrx_word' id='word_1_519' title='bbox 934 4233 1048 4292; x_wconf 90' lang='lat' dir='ltr'><strong>triclinii</strong></span> <span class='ocrx_word' id='word_1_520' title='bbox 1069 4230 1249 4310; x_wconf 68' lang='lat' dir='ltr'><strong>porrigebant</strong></span> <span class='ocrx_word' id='word_1_521' title='bbox 1271 4229 1406 4287; x_wconf 86' lang='lat' dir='ltr'><strong>convivae.</strong></span> 
     </span>
    </p>
   </div>
   <div class='ocr_carea' id='block_1_15' title="bbox 166 4305 1485 4387">
    <p class='ocr_par' dir='ltr' id='par_1_17' title="bbox 166 4305 1485 4387">
     <span class='ocr_line' id='line_1_96' title="bbox 166 4305 1485 4387; baseline -0.002 -19"><span class='ocrx_word' id='word_1_522' title='bbox 166 4307 350 4368; x_wconf 78' lang='lat' dir='ltr'><strong>comedebant</strong></span> <span class='ocrx_word' id='word_1_523' title='bbox 371 4309 461 4380; x_wconf 89' lang='lat' dir='ltr'><strong>cibos,</strong></span> <span class='ocrx_word' id='word_1_524' title='bbox 489 4328 559 4387; x_wconf 91' lang='lat' dir='ltr'><strong>quos</strong></span> <span class='ocrx_word' id='word_1_525' title='bbox 586 4310 719 4381; x_wconf 89' lang='lat' dir='ltr'><strong>edebant,</strong></span> <span class='ocrx_word' id='word_1_526' title='bbox 741 4312 785 4370; x_wconf 85' lang='lat' dir='ltr'><strong>rel</strong></span> <span class='ocrx_word' id='word_1_527' title='bbox 821 4310 945 4381; x_wconf 80' lang='lat' dir='ltr'><strong>DAVA,</strong></span> <span class='ocrx_word' id='word_1_528' title='bbox 979 4311 1057 4369; x_wconf 86' lang='lat' dir='ltr'><strong>vb.n.</strong></span> <span class='ocrx_word' id='word_1_529' title='bbox 1089 4309 1117 4367; x_wconf 86' lang='lat' dir='ltr'><strong>F.</strong></span> <span class='ocrx_word' id='word_1_530' title='bbox 1127 4327 1150 4364; x_wconf 90' lang='lat' dir='ltr'><strong>v.</strong></span> <span class='ocrx_word' id='word_1_531' title='bbox 1183 4307 1353 4365; x_wconf 84' lang='lat' dir='ltr'><strong>surdescere.</strong></span> <span class='ocrx_word' id='word_1_532' title='bbox 1401 4305 1446 4363; x_wconf 90' lang='lat' dir='ltr'><strong>Nl.</strong></span> <span class='ocrx_word' id='word_1_533' title='bbox 1461 4325 1485 4365; x_wconf 84' lang='lat' dir='ltr'><strong>v.</strong></span> 
     </span>
    </p>
   </div>
   <div class='ocr_carea' id='block_1_16' title="bbox 164 4385 785 4695">
    <p class='ocr_par' dir='ltr' id='par_1_18' title="bbox 164 4385 785 4695">
     <span class='ocr_line' id='line_1_97' title="bbox 165 4385 785 4478; baseline 0.005 -34"><span class='ocrx_word' id='word_1_534' title='bbox 165 4385 294 4462; x_wconf 78' lang='lat' dir='ltr'><strong>genubus</strong></span> <span class='ocrx_word' id='word_1_535' title='bbox 308 4385 411 4457; x_wconf 80' lang='lat' dir='ltr'><strong>tultos,</strong></span> <span class='ocrx_word' id='word_1_536' title='bbox 432 4387 475 4444; x_wconf 88' lang='lat' dir='ltr'><strong>vel</strong></span> <span class='ocrx_word' id='word_1_537' title='bbox 495 4405 609 4446; x_wconf 88' lang='lat' dir='ltr'><strong>scamno</strong></span> <span class='ocrx_word' id='word_1_538' title='bbox 625 4387 785 4478; x_wconf 88' lang='lat' dir='ltr'><strong>impositos,</strong></span> 
     </span>
     <span class='ocr_line' id='line_1_98' title="bbox 165 4461 783 4541; baseline 0.002 -19"><span class='ocrx_word' id='word_1_539' title='bbox 165 4462 212 4522; x_wconf 88' lang='lat' dir='ltr'><strong>cui</strong></span> <span class='ocrx_word' id='word_1_540' title='bbox 237 4461 399 4522; x_wconf 87' lang='lat' dir='ltr'><strong>insidebant</strong></span> <span class='ocrx_word' id='word_1_541' title='bbox 416 4461 537 4541; x_wconf 84' lang='lat' dir='ltr'><strong>pedibus</strong></span> <span class='ocrx_word' id='word_1_542' title='bbox 562 4463 698 4523; x_wconf 79' lang='lat' dir='ltr'><strong>vancatrs.</strong></span> <span class='ocrx_word' id='word_1_543' title='bbox 727 4464 783 4523; x_wconf 94' lang='lat' dir='ltr'><strong>Pro</strong></span> 
     </span>
     <span class='ocr_line' id='line_1_99' title="bbox 164 4538 784 4618; baseline 0.005 -20"><span class='ocrx_word' id='word_1_544' title='bbox 164 4539 233 4598; x_wconf 78' lang='lat' dir='ltr'><strong>dasle</strong></span> <span class='ocrx_word' id='word_1_545' title='bbox 257 4539 289 4599; x_wconf 91' lang='lat' dir='ltr'><strong>F.</strong></span> <span class='ocrx_word' id='word_1_546' title='bbox 316 4538 419 4598; x_wconf 86' lang='lat' dir='ltr'><strong>habent</strong></span> <span class='ocrx_word' id='word_1_547' title='bbox 443 4539 621 4616; x_wconf 60' lang='lat' dir='ltr'><strong>lampadusa,</strong></span> <span class='ocrx_word' id='word_1_548' title='bbox 645 4540 709 4599; x_wconf 90' lang='lat' dir='ltr'><strong>F.b.</strong></span> <span class='ocrx_word' id='word_1_549' title='bbox 724 4541 784 4618; x_wconf 74' lang='lat' dir='ltr'><strong>prin</strong></span> 
     </span>
     <span class='ocr_line' id='line_1_100' title="bbox 166 4615 783 4695; baseline 0.003 -19"><span class='ocrx_word' id='word_1_550' title='bbox 166 4619 262 4695; x_wconf 83' lang='lat' dir='ltr'><strong>(paen)</strong></span> <span class='ocrx_word' id='word_1_551' title='bbox 289 4617 386 4695; x_wconf 88' lang='lat' dir='ltr'><strong>patina</strong></span> <span class='ocrx_word' id='word_1_552' title='bbox 410 4615 520 4689; x_wconf 83' lang='lat' dir='ltr'><strong>fictilis,</strong></span> <span class='ocrx_word' id='word_1_553' title='bbox 549 4623 583 4676; x_wconf 90' lang='lat' dir='ltr'><strong>nt</strong></span> <span class='ocrx_word' id='word_1_554' title='bbox 611 4618 783 4694; x_wconf 71' lang='lat' dir='ltr'><strong>rua-panna,</strong></span> 
     </span>
    </p>
   </div>
   <div class='ocr_carea' id='block_1_17' title="bbox 857 4382 1485 4754">
    <p class='ocr_par' dir='ltr' id='par_1_19' title="bbox 857 4382 1485 4754">
     <span class='ocr_line' id='line_1_101' title="bbox 859 4382 1482 4461; baseline -0.013 -14"><span class='ocrx_word' id='word_1_555' title='bbox 859 4387 954 4458; x_wconf 73' lang='lat' dir='ltr'><strong>doum,</strong></span> <span class='ocrx_word' id='word_1_556' title='bbox 978 4386 1155 4453; x_wconf 84' lang='lat' dir='ltr'><strong>surdescere,</strong></span> <span class='ocrx_word' id='word_1_557' title='bbox 1177 4389 1297 4461; x_wconf 90' lang='lat' dir='ltr'><strong>stupere,</strong></span> <span class='ocrx_word' id='word_1_558' title='bbox 1317 4382 1347 4440; x_wconf 91' lang='lat' dir='ltr'><strong>F.</strong></span> <span class='ocrx_word' id='word_1_559' title='bbox 1368 4382 1482 4456; x_wconf 82' lang='lat' dir='ltr'><strong>doomje‚</strong></span> 
     </span>
     <span class='ocr_line' id='line_1_102' title="bbox 859 4459 1485 4536; baseline -0.006 -14"><span class='ocrx_word' id='word_1_560' title='bbox 859 4465 936 4524; x_wconf 77' lang='lat' dir='ltr'><strong>vb.n.</strong></span> <span class='ocrx_word' id='word_1_561' title='bbox 962 4470 990 4522; x_wconf 93' lang='lat' dir='ltr'><strong>et</strong></span> <span class='ocrx_word' id='word_1_562' title='bbox 1009 4484 1035 4521; x_wconf 93' lang='lat' dir='ltr'><strong>n.</strong></span> <span class='ocrx_word' id='word_1_563' title='bbox 1058 4461 1209 4536; x_wconf 89' lang='lat' dir='ltr'><strong>restingui;</strong></span> <span class='ocrx_word' id='word_1_564' title='bbox 1234 4461 1264 4518; x_wconf 81' lang='lat' dir='ltr'><strong>di</strong></span> <span class='ocrx_word' id='word_1_565' title='bbox 1283 4463 1350 4535; x_wconf 78' lang='lat' dir='ltr'><strong>turs</strong></span> <span class='ocrx_word' id='word_1_566' title='bbox 1365 4459 1485 4531; x_wconf 66' lang='lat' dir='ltr'><strong>maaet,</strong></span> 
     </span>
     <span class='ocr_line' id='line_1_103' title="bbox 859 4536 1483 4614; baseline -0.006 -14"><span class='ocrx_word' id='word_1_567' title='bbox 859 4541 992 4600; x_wconf 88' lang='lat' dir='ltr'><strong>carbones</strong></span> <span class='ocrx_word' id='word_1_568' title='bbox 1039 4539 1169 4598; x_wconf 85' lang='lat' dir='ltr'><strong>ardentes</strong></span> <span class='ocrx_word' id='word_1_569' title='bbox 1217 4537 1308 4614; x_wconf 80' lang='lat' dir='ltr'><strong>glebae</strong></span> <span class='ocrx_word' id='word_1_570' title='bbox 1350 4536 1483 4596; x_wconf 85' lang='lat' dir='ltr'><strong>causticae</strong></span> 
     </span>
     <span class='ocr_line' id='line_1_104' title="bbox 857 4618 1211 4754; baseline -0.02 -76"><span class='ocrx_word' id='word_1_571' title='bbox 857 4625 957 4754; x_wconf 83' lang='lat' dir='ltr'><strong>sponte</strong></span> <span class='ocrx_word' id='word_1_572' title='bbox 984 4618 1211 4691; x_wconf 78' lang='lat' dir='ltr'><strong>restinguuntur3</strong></span> 
     </span>
    </p>
   </div>
   <div class='ocr_carea' id='block_1_18' title="bbox 166 4690 1488 4773">
    <p class='ocr_par' dir='ltr' id='par_1_20' title="bbox 166 4690 1488 4773">
     <span class='ocr_line' id='line_1_105' title="bbox 166 4690 1488 4773; baseline -0.002 -20"><span class='ocrx_word' id='word_1_573' title='bbox 166 4695 508 4772; x_wconf 61' lang='lat' dir='ltr'><strong>teguladrersenepaane,</strong></span> <span class='ocrx_word' id='word_1_574' title='bbox 529 4694 783 4773; x_wconf 62' lang='lat' dir='ltr'><strong>calmontdng.</strong></span> <span class='ocrx_word' id='word_1_575' title='bbox 819 4702 858 4755; x_wconf 91' lang='lat' dir='ltr'><strong>ut</strong></span> <span class='ocrx_word' id='word_1_576' title='bbox 890 4696 1018 4772; x_wconf 80' lang='lat' dir='ltr'><strong>oauje,</strong></span> <span class='ocrx_word' id='word_1_577' title='bbox 1048 4693 1139 4763; x_wconf 90' lang='lat' dir='ltr'><strong>idem;</strong></span> <span class='ocrx_word' id='word_1_578' title='bbox 1175 4692 1300 4770; x_wconf 81' lang='lat' dir='ltr'><strong>extingui</strong></span> <span class='ocrx_word' id='word_1_579' title='bbox 1336 4698 1364 4751; x_wconf 87' lang='lat' dir='ltr'><strong>et</strong></span> <span class='ocrx_word' id='word_1_580' title='bbox 1398 4690 1488 4751; x_wconf 88' lang='lat' dir='ltr'><strong>extin-</strong></span> 
     </span>
    </p>
   </div>
   <div class='ocr_carea' id='block_1_19' title="bbox 163 4771 741 4852">
    <p class='ocr_par' dir='ltr' id='par_1_21' title="bbox 163 4771 741 4852">
     <span class='ocr_line' id='line_1_106' title="bbox 163 4771 741 4852; baseline 0.002 -20"><span class='ocrx_word' id='word_1_581' title='bbox 163 4789 245 4846; x_wconf 68' lang='grc' dir='ltr'><strong>μιν,</strong></span> <span class='ocrx_word' id='word_1_582' title='bbox 264 4773 377 4833; x_wconf 87' lang='lat' dir='ltr'><strong>tessella</strong></span> <span class='ocrx_word' id='word_1_583' title='bbox 396 4773 500 4844; x_wconf 74' lang='lat' dir='ltr'><strong>vitrea,</strong></span> <span class='ocrx_word' id='word_1_584' title='bbox 518 4771 583 4834; x_wconf 82' lang='lat' dir='ltr'><strong>ou·</strong></span> <span class='ocrx_word' id='word_1_585' title='bbox 599 4790 741 4852; x_wconf 61' lang='lat' dir='ltr'><strong>meaa.</strong></span> 
     </span>
    </p>
   </div>
   <div class='ocr_carea' id='block_1_20' title="bbox 860 4791 958 4850">
    <p class='ocr_par' dir='ltr' id='par_1_22' title="bbox 860 4791 958 4850">
     <span class='ocr_line' id='line_1_107' title="bbox 860 4791 958 4850; baseline 0.02 -19"><span class='ocrx_word' id='word_1_586' title='bbox 860 4791 958 4850; x_wconf 81' lang='lat' dir='ltr'><strong>gnere.</strong></span> 
     </span>
    </p>
   </div>
   <div class='ocr_carea' id='block_1_21' title="bbox 0 0 1632 5310">
    <p class='ocr_par' dir='ltr' id='par_1_23' title="bbox 0 0 1632 5310">
     <span class='ocr_line' id='line_1_108' title="bbox 0 0 1632 5310; baseline 0 0"><span class='ocrx_word' id='word_1_587' title='bbox 0 0 1632 5310; x_wconf 95' lang='lat' dir='ltr'><strong> </strong></span> 
     </span>
    </p>
   </div>
  </div>
 </body>
</html>
