3256 5310
135 239 188 298 573

394 388 534 448 BUTER.

173 468 260 526 tundo
288 471 330 525 est
355 472 488 544 apertura
516 486 567 544 per
593 485 679 544 qnam
706 469 793 527 effluit

172 563 267 602 serum
288 563 461 620 expressum.

133 621 353 690 taeter-am,
374 621 438 679 no.
459 618 524 679 Hol.
539 620 697 691 teter-tam,
719 623 790 697 Ang.

173 699 337 767 batterdcm,
358 696 443 755 bread
463 695 519 754 and
540 696 646 768 butter‚
672 698 790 787 Wright.

170 776 287 852 planum
314 774 465 849 absegmen
494 774 574 849 panis
602 774 704 864 butyro
729 775 790 833 bni-

171 858 238 909 tum.
280 850 324 909 Ex
352 852 440 908 better
469 856 498 906 et
528 871 585 920 om,
615 851 694 924 (Krl.)
724 871 790 928 pars

170 928 319 987 esculento.
349 928 423 985 Ham
443 945 494 1003 pro
514 946 557 983 em
599 935 695 1004 ropter
714 933 790 987 aute·

169 1006 316 1063 cedentem
340 1024 356 1061 r
378 1024 421 1062 =
439 1013 462 1091 ῥ.
492 1003 549 1063 Kil.
575 947 718 1074 door-am,
745 1006 787 1063 bo·

170 1084 290 1140 ter-dnm.

132 1156 427 1228 buter-bitaezcr,
448 1175 489 1233 cg.
509 1157 666 1216 incantator
683 1158 786 1235 butyri.

171 1234 243 1293 Cum
269 1254 377 1294 cremor
403 1235 432 1292 in
452 1251 552 1293 careno
572 1235 710 1311 agitatur,
736 1236 786 1293 ati·

171 1311 285 1389 quando
300 1311 391 1370 causis
405 1310 548 1381 chemicis,
571 1311 655 1386 vulgo
668 1311 788 1386 ignotis,

168 1389 213 1458 fit,
242 1394 274 1446 ut
299 1389 328 1446 in
355 1407 475 1447 massam
495 1386 591 1464 butyri
611 1406 789 1448 concrescere

170 1469 306 1600 tbtttt.
333 1464 788 1600 diffiniiiinfflttiiii‘ii

169 1618 327 1677 cantatrieis
353 1617 564 1687 adscribebant,
593 1637 663 1695 quas
683 1620 788 1696 pellere

168 1695 356 1755 incantatione
387 1700 507 1772 oportet.
546 1694 651 1770 Magus
680 1695 789 1767 (ducel-

169 1773 283 1842 banner)
305 1771 442 1830 exorcista
465 1771 560 1849 itaque
581 1770 676 1829 herbis
701 1772 789 1844 magi·

168 1849 214 1906 cis
245 1848 454 1925 circumpositis
491 1866 621 1908 carenum
651 1848 788 1917 includit,

168 1945 349 1985 murmurans
380 1925 537 1983 cantamina
567 1929 595 1982 et
624 1924 718 1983 literas
747 1944 789 1982 se·

169 2008 258 2061 cretas
272 2001 443 2060 adscribens.
469 2000 582 2060 Dicitur
595 2007 690 2059 antem
702 2003 788 2059 berter-

169 2080 273 2138 biloezer
296 2099 312 2136 a
338 2079 441 2147 biloeze,
471 2078 615 2136 incantare
641 2078 788 2154 precibus,

169 2155 341 2224 exorcisare;
367 2155 442 2224 Ioeze,
469 2154 495 2212 le
516 2174 576 2224 ere,
604 2174 700 2231 preces
725 2156 789 2213 sun·

169 2232 249 2303 dere,
269 2251 334 2309 quae
354 2231 467 2290 vincula
487 2175 648 2290 daemonum
668 2233 787 2291 solvunt.

131 2307 378 2379 buter-blom,
405 2325 447 2384 cg.
478 2309 649 2367 ranunculus
679 2310 788 2367 eurico·

169 2406 242 2445 mus.

130 2462 366 2534 buter-bost,
385 2481 413 2521 n.
432 2480 536 2521 nomen
550 2468 693 2539 pratorum
710 2462 788 2522 soeni·

169 2540 338 2600 culariorum
366 2558 456 2617 prope
483 2559 500 2598 a
526 2540 586 2598 vico
609 2542 660 2598 Per
680 2542 786 2611 Horae,

168 2618 213 2676 vel
235 2619 290 2676 I'er
308 2618 409 2675 Herae.

130 2695 398 2763 buter-boren,
419 2693 458 2770 pl.
478 2699 646 2752 mercatores
660 2713 786 2764 carnum,

169 2770 276 2847 adipis,
305 2769 413 2846 butyri,
440 2770 604 2848 taliumque.
635 2771 681 2829 Nl.
701 2773 787 2829 cetto·

162 2868 236 2924 pera.
267 2848 371 2922 Ang.v.
391 2847 552 2916 better-bos,
574 2847 767 2906 nDutchman.

130 2924 333 2996 buter-fet,
348 2942 375 2981 n.
389 2923 496 2982 dolium
511 2924 613 3000 butyro
627 2924 786 3000 recipiendo

167 3001 298 3061 serviens.
337 3000 418 3059 Prov.
450 3003 587 3059 Menalcan
615 3002 711 3077 Ioppe,
740 3002 788 3059 ind

167 3080 197 3137 ik
214 3099 251 3155 yn
271 3079 294 3137 r't
313 3079 443 3153 interfit,
462 3098 507 3155 sey
527 3079 552 3136 it
570 3079 638 3153 reiis.

129 3154 414 3231 buter-fiirder,
453 3174 496 3231 cg.
530 3154 638 3213 dotium
671 3163 687 3228 4
720 3175 786 3231 pars

168 3238 277 3302 tonnae,
298 3252 333 3289 eu
346 3232 452 3306 sjs'rde.
476 3239 602 3308 quartus.
625 3235 671 3289 Ien
691 3234 786 3366 Ιῖνωειι

169 3309 258 3378 cuer,
285 3309 447 3382 ienfflrder
465 3309 554 3379 buter,
585 3314 683 3366 notant
723 3318 785 3385 uty·

168 3403 232 3442 rum
257 3386 373 3461 ejusque
413 3385 610 3461 quantitatem
636 3387 679 3442 ten
698 3387 785 3443 tute·

161 3461 282 3536 sjs'rder,
309 3461 351 3519 ten
379 3460 560 3537 buter-hymen
587 3468 685 3520 contra
711 3461 785 3520 dolia

168 3537 203 3595 ad
225 3537 359 3612 butyrum
380 3538 547 3615 capiendum
567 3538 714 3599 destinata.

130 3614 344 3684 buter-ilie,
367 3633 409 3690 cg.
428 3615 549 3704 papilio,
570 3615 685 3674 Flondri
702 3617 785 3674 boter-

167 3692 266 3760 ntea,
292 3691 482 3763 dotet-acbrjte,
507 3692 687 3768 teter-clieye,
708 3693 786 3770 papi·

168 3768 215 3826 lio.
236 3767 292 3825 Kil.
322 3770 388 3842 Age.
409 3769 572 3866 buter-steps,
597 3771 668 3843 Aug.
689 3770 786 3827 better·

160 3847 212 3978 gy.
244 3843 310 3979 1³23.
337 3845 484 3922 butbrstry,
512 3845 575 3905 lto.
595 3846 785 3923 botler·oeuyel.

189 3926 241 3979 titr.
301 3963 309 3980 .

130 3995 363 4075 buter-gete,
390 4015 432 4074 cg.
452 3997 522 4057 semi
543 3999 714 4057 canaliculus
733 4000 786 4058 fer·

169 4092 249 4143 reus,
282 4092 368 4150 quem
397 4080 534 4134 mercator
562 4076 653 4134 tradit
681 4077 711 4135 in
738 4097 785 4136 aas

169 4149 265 4226 butyri
284 4169 377 4228 usque
397 4150 433 4209 ad
453 4152 583 4223 fundum,
604 4153 707 4212 deinde
720 4173 785 4213 con·

169 4228 295 4303 torquet,
325 4231 354 4285 et
378 4225 418 4285 ite
445 4226 495 4287 bnt
515 4247 545 4288 ro
573 4232 712 4308 repletum
738 4251 785 4289 ex·

168 4303 268 4392 trehit..
295 4307 328 4361 ut
353 4304 414 4380 ejns
438 4248 602 4383 quaiitatem
622 4319 651 4366 et
669 4307 785 4366 odorem

129 4380 394 4592 buddingiildnod',
411 4382 611 4535 igebdtriiririis
624 4465 784 4537 argenteus,

167 4554 244 4593 nunc
278 4541 421 4609 erogatus,
442 4538 478 4594 20
493 4541 667 4595 stuaerorum
682 4541 710 4610 tl
725 4539 784 4598 flor.

167 4615 310 4685 eccene.)
350 4612 381 4670 F.
400 4613 668 4680 scheid-traintem
697 4616 785 4690 magis

168 4694 262 4748 tamen
280 4688 312 4746 in
329 4706 385 4748 usu
403 4688 522 4748 florebat
541 4691 720 4766 iaketpounc,·
744 4691 785 4749 tu·

169 4763 245 4826 dicre
280 4764 365 4842 huius
395 4765 505 4826 nummi
537 4787 638 4826 nomeu
671 4772 732 4828 erat
758 4768 785 4828 'a

1426 239 1482 300 574

1089 390 1227 452 BUTER.

884 488 950 527 cane
969 471 1020 528 arei
1038 471 1145 538 atirtsa,
1166 470 1288 527 florenos
1309 467 1411 525 caudes
1431 471 1485 525 tra-

864 490 951 616 dens,
978 547 1016 605 itn
1037 546 1143 614 dictus,
1169 545 1245 622 quod
1265 546 1401 603 florenum
1421 545 1485 601 soti-

866 630 926 681 tum
950 627 966 681 8
986 624 1106 682 stuveris
1126 621 1285 699 superabat.
1316 620 1384 679 Hot.
1400 620 1484 696 pond·

860 701 964 775 puldm.
995 701 1111 758 Veteres
1138 699 1222 757 Frisii
1247 699 1415 772 buter-ponne
1435 716 1484 773 np-

865 776 1020 853 pellabant,
1051 776 1126 853 quod
1154 775 1248 851 butyri
1275 774 1397 851 pretium
1426 791 1482 831 non

864 873 914 930 per
942 855 1078 912 florenum
1101 856 1150 921 20,
1178 852 1226 909 scd
1248 855 1284 908 28
1305 857 1482 908 stuverorum

862 930 1030 988 statuebant.
1060 930 1094 986 In
1122 927 1257 986 cochleari
1278 933 1410 1004 argenteo
1434 946 1481 984 na·

863 1006 913 1064 tali
934 1006 1011 1064 Petri
1031 1005 1173 1063 Wilbelmi
1193 1004 1243 1062 tilii
1263 1004 1345 1078 hujus
1359 1010 1480 1061 monetae

865 1103 914 1172 pro
935 1083 1037 1159 butyro
1057 1083 1155 1140 solutoe
1176 1080 1282 1139 mentio
1303 1081 1342 1138 fic
1376 1079 1481 1137 Confer

864 1161 1073 1237 inscriptionem
1093 1177 1179 1235 supra
1200 1157 1270 1226 220,
1292 1157 1367 1215 unde
1389 1157 1481 1235 liquet

863 1237 956 1295 media
976 1237 1104 1294 centuria
1117 1235 1217 1293 XVIIa
1230 1241 1356 1311 quartam
1371 1239 1480 1311 partem

863 1318 957 1370 tonnae
987 1313 1156 1371 constavisse
1187 1315 1222 1368 35
1254 1312 1381 1368 florenos.
1417 1309 1480 1367 Hoc

862 1391 974 1449 culmen
994 1389 1084 1466 praetii
1104 1387 1262 1446 inauditum
1282 1406 1314 1444 eo
1335 1391 1481 1456 cretaeae,

863 1467 938 1544 quod
972 1472 1064 1524 temen
1098 1465 1233 1523 hodierno
1263 1463 1367 1521 usitato
1397 1463 1479 1538 longe

862 1549 1019 1620 superetur.
1051 1545 1143 1601 Ionan
1163 1540 1298 1599 dividitur
1315 1540 1343 1596 in
1380 1547 1480 1597 uatnor

864 1627 970 1711 partes,
1000 1639 1119 1697 quarum
1147 1637 1274 1706 quaeque
1288 1619 1323 1673 80
1344 1559 1480 1729 librarumj

861 1693 1480 1832 iiads'iiiiniitiitwit..iis'i'sd‘bi-

863 1869 1010 1919 verorum,
1036 1868 1100 1926 quae
1121 1848 1214 1905 vatent
1234 1851 1270 1905 05
1291 1846 1411 1904 florenos
1431 1865 1480 1903 no·

862 1933 951 1997 stros;
978 1945 1054 1985 nunc
1073 1928 1116 1984 ten
1128 1923 1235 1998 fiirder
1256 1928 1292 1980 50
1312 1923 1430 1982 florenos
1451 1927 1479 1979 ct

862 2003 937 2139 pupld
965 2001 1229 2139 ebxcppitmaassigupo
1240 2005 1357 2134 congrat.
1387 1999 1479 2152 1ιίιῇἑί-

881 2100 951 2150 co,
992 2100 1020 2138 ee
1174 2097 1200 2136 re
1269 2097 1282 2135 s
1324 2095 1407 2134 raven
1463 2094 1479 2132 e

864 2160 961 2231 1622),
982 2157 1032 2235 qui
1052 2153 1166 2214 exbibet
1186 2085 1289 2243 effigies
1309 2153 1479 2212 stratorem

861 2253 1069 2292 nummmorum
1090 2231 1355 2298 Neerlandrcorum,
1383 2236 1478 2287 noster

861 2310 1031 2387 buter-peuce
1050 2313 1088 2368 ita
1102 2314 1228 2378 notatur,
1249 2310 1308 2365 Dsn
1326 2306 1478 2364 Vrieraclrcn

860 2389 972 2447 silceren
995 2388 1093 2465 yrdden
1113 2406 1146 2461 op
1165 2385 1186 2442 ’t
1200 2384 1325 2461 yeaoichte
1342 2403 1394 2441 cea
1413 2382 1478 2440 XII.

860 2484 916 2541 αθ.
946 2466 1010 2524 ende
1038 2484 1083 2523 eeu
1112 2463 1178 2538 tulf
1200 2468 1241 2520 ter
1266 2461 1366 2518 remedi
1384 2464 1477 2518 cant

861 2561 938 2612 osen,
964 2547 1004 2600 tot
1025 2544 1040 2599 1
1062 2541 1159 2617 puldca
1185 2541 1262 2596 VIII
1274 2543 1400 2615 stupuere.
1430 2538 1478 2594 Se·

861 2625 988 2697 qnuntur
1024 2625 1118 2696 partes
1157 2616 1274 2675 dimidio
1314 2620 1342 2672 et
1378 2619 1477 2691 quarta

860 2696 942 2772 hujus
966 2696 1073 2754 nummi
1102 2694 1194 2771 pretio
1215 2693 1341 2767 analoga.
1360 2721 1400 2737 -
1418 2693 1478 2748 Doe

859 2774 904 2829 iclr
929 2775 986 2831 tem
1012 2792 1056 2850 sep
1074 2774 1127 2847 sen
1154 2771 1189 2846 dy
1214 2789 1262 2827 cor
1284 2770 1391 2826 Pilatus
1411 2769 1478 2825 Pro·

860 2852 941 2907 lrroor
967 2868 1054 2926 seper,
1091 2894 1107 2920 ‚,
1122 2846 1237 2906 Mardus
1268 2846 1311 2904 cot
1341 2845 1477 2904 cerdic?

860 2929 895 2984 Ilr
920 2927 978 2984 sciit
1002 2933 1069 2994 arcet,
1095 2927 1140 2982 aet
1165 2943 1264 3001 scyrum
1288 2925 1333 2980 net
1352 2927 1377 2980 te
1394 2922 1477 2980 ιίειειι

860 3005 898 3071 is,·
917 3004 967 3062 den
986 3004 1030 3061 nr
1047 3005 1113 3072 tina,
1134 3048 1150 3072 „
1162 3020 1229 3078 copae
1242 3002 1293 3071 tice
1304 3000 1385 3057 katte
1397 3018 1478 3057 omme

860 3082 944 3138 moute
970 3086 1053 3157 praete
1082 3079 1205 3149 birden‚”
1235 3078 1283 3135 dat
1307 3079 1352 3135 Iret
1376 3077 1425 3136 dot
1451 3081 1477 3134 te

858 3159 937 3216 ιίιεὲιι
958 3159 988 3215 ia.
1018 3161 1078 3216 Den
1097 3175 1185 3235 seper,
1206 3157 1255 3212 Ick
1273 3155 1323 3212 nac
1338 3156 1409 3230 jytte
1424 3172 1476 3231 year

856 3241 926 3310 yroet
950 3236 1041 3306 boeck,
1069 3234 1115 3292 dir
1141 3235 1243 3291 Porcus
1263 3232 1344 3289 Iastia
1363 3234 1476 3308 (corpus

857 3312 941 3387 juris)
971 3314 1042 3379 bie&
1079 3316 1162 3368 acuatu
1195 3309 1239 3366 dir
1274 3314 1326 3367 troo
1349 3308 1477 3385 florente

859 3408 916 3464 mey
958 3408 989 3446 en
1015 3390 1165 3463 Interpone
1191 3405 1241 3443 oca
1268 3403 1350 3461 cepe,
1379 3403 1407 3441 ao
1427 3385 1478 3441 wel

859 3466 903 3522 iclc
945 3484 964 3540 y
989 3466 1055 3522 nstin
1080 3465 1159 3520 lnoc'r'a
1183 3461 1276 3536 (avijs,
1302 3460 1405 3535 advijs)
1426 3461 1477 3535 ta'ye

853 3544 919 3613 jaca
948 3559 978 3598 en
1008 3540 1065 3597 dita
1095 3539 1239 3614 cloddoyen
1265 3539 1294 3595 ia
1320 3536 1477 3611 comeriyrar's

860 3617 1021 3694 (pleidoyen
1048 3617 1076 3673 in
1097 3615 1273 3692 conscriptis)
1291 3614 1373 3671 atelle.
1401 3612 1478 3671 Star-

860 3702 915 3752 tcrs
929 3693 1043 3751 Timbre
1057 3692 1092 3751 de
1106 3693 1243 3751 Cerdone.
1256 3689 1475 3767 Tusscheuspcl,

860 3771 964 3830 Siouctr
991 3770 1098 3847 Siptres.
1118 3770 1133 3828 I
1152 3776 1205 3827 act.
1227 3773 1243 3826 a
1271 3787 1308 3828 sc.
1330 3768 1476 3826 Leeuwar·

860 3848 928 3917 den,
952 3850 1034 3907 1618,

820 3923 1078 4000 inket-goune,
1103 3922 1176 3982 idem
1197 3926 1274 3981 notat
1293 3922 1370 4002 quod
1390 3922 1476 3979 buter-

857 4021 957 4079 poune:
984 4002 1048 4060 nv.
1067 4002 1132 4060 talea
1159 4001 1234 4059 enim
1260 4006 1302 4059 est
1328 4000 1475 4088 butyrum

859 4079 906 4151 (0.
926 4080 957 4138 F.
977 4078 1019 4138 W.
1040 4098 1067 4156 p.
1088 4081 1136 4151 02)
1150 4077 1226 4135 unde
1239 4078 1327 4135 forma
1340 4075 1475 4149 adrectivs

858 4157 930 4213 taket
962 4175 1012 4244 pro
1045 4154 1187 4232 predicato
1220 4159 1286 4211 ante
1317 4151 1473 4226 subjectum

855 4251 941 4308 poene
960 4252 989 4290 ιιι
1009 4232 1181 4307 intel-poene.
1210 4230 1299 4288 Alam
1320 4246 1397 4296 oneo,
1417 4227 1474 4286 Hd.

859 4312 940 4380 cuke,
965 4308 1107 4385 butyrum.
1128 4307 1213 4365 Grati.
1233 4305 1289 4377 VI,
1312 4308 1374 4363 883.
1394 4304 1473 4365 Mhd.

859 4388 940 4455 cuke,
974 4404 1093 4455 cremor,
1126 4384 1267 4458 butyrum.
1309 4382 1393 4440 Forte
1423 4401 1475 4458 per

859 4462 980 4539 etlypsin
1006 4467 1085 4519 notat
1111 4461 1256 4536 butyrum,
1277 4459 1360 4537 plene
1388 4458 1474 4517 buer-

858 4539 923 4597 r‘nka
942 4545 975 4596 ut
994 4539 1084 4596 Alam.
1098 4539 1311 4595 nactus-amero.
1330 4535 1377 4594 Nl.
1390 4537 1474 4593 boter-

858 4621 911 4684 cet‚
925 4615 1020 4692 butyri
1030 4615 1125 4692 adeps.
1137 4614 1185 4673 Gr.
1197 4613 1296 4673 Gesch.
1309 4616 1391 4671 1003.
1405 4613 1474 4671 Ger·

859 4710 1007 4751 manorum
1031 4693 1121 4750 anton
1146 4691 1298 4769 respondet
1317 4689 1392 4748 enim
1412 4689 1473 4749 Lat.

858 4788 968 4847 caym,
980 4768 1056 4829 unde
1068 4773 1187 4842 muer,
1200 4770 1307 4841 oleum,
1319 4767 1397 4846 apud
1407 4765 1472 4827 Per·
