3256 5310
129 211 183 274 577

221 443 228 456 ·
387 364 523 455 Busan.
575 442 581 455 .
605 442 611 456 .
682 443 688 457 ι

166 462 274 580 titt
294 441 782 598 ..ltlttrrthlshttdlt

167 599 265 672 tonas!
279 598 361 674 (Aug.
382 596 538 669 tecti-seel)
558 616 660 657 munus
680 597 782 675 patris,

167 673 215 732 ubi
242 673 338 731 dentes
364 672 478 731 infantis
504 672 575 731 vidit
601 675 713 752 primos.
748 674 781 733 F.

166 750 197 807 di
214 751 381 808 butertoalren
397 753 480 807 mette
492 754 535 819 ut,
556 770 572 808 a
586 749 687 827 butyro
700 770 783 829 prop·

166 833 209 884 ter
229 826 370 885 caritatem
391 825 589 885 abstinendum
611 834 660 886 est.

129 902 390 973 buter-wasuh,
427 922 470 979 cg.
507 903 582 962 sedes
616 905 645 963 in
679 903 782 981 quibus

165 979 360 1056 ponderantur
378 998 443 1037 vasa
463 979 565 1054 butyri.

128 1055 351 1126 buter-uiis,
379 1075 406 1114 n.
433 1057 537 1114 rustica
557 1056 718 1116 vendendos
738 1076 783 1115 ex·

166 1132 405 1287 Romaim}
423 1131 780 1286 ffibosbtbtffiracegrtm.

192 1228 233 1268 .u.
406 1254 414 1280 ,
499 1254 505 1268 .
654 1230 680 1281 e,
699 1231 709 1268 ι
730 1230 782 1270 em.

166 1285 271 1344 Todd's
291 1286 425 1345 Johnson.
480 1229 498 1285 g

129 1361 372 1438 gaurs-buter,
404 1381 445 1440 cg.
478 1362 609 1440 butyrum
643 1383 679 1423 ex
711 1365 782 1424 lacte

168 1458 258 1498 vacere
277 1439 417 1517 pascentis
437 1439 467 1497 in
487 1447 577 1517 prato.

129 1516 341 1586 hec-buter,
360 1535 402 1592 cg.
423 1515 556 1594 butyrum
577 1536 610 1575 ex
630 1517 701 1576 lacte
721 1538 782 1578 vac·

166 1613 206 1652 cae
227 1593 303 1652 foeno
323 1594 353 1652 in
372 1593 483 1652 stabulo
503 1599 599 1672 pastae.

129 1669 373 1742 klaei·bnter,
394 1689 435 1747 cg.
456 1669 588 1748 butyrum
609 1689 700 1730 vacere
720 1691 783 1749 pas·

166 1753 203 1805 tm
222 1746 250 1805 in
271 1752 345 1806 terra
385 1746 395 1804 i
453 1747 622 1822 iargillosa.

130 1823 330 1893 rea-buter,
358 1767 391 1882 g.
429 1825 617 1901 ‚rea-doeyter
636 1823 782 1901 (butyrum

167 1899 294 1975 rubrum)
320 1900 451 1976 butyrum
478 1920 513 1959 er
541 1920 623 1959 vacca
650 1910 783 1978 pascente

167 1976 197 2110 ifln
225 1982 333 2111 prato·te
335 1975 416 2036 viridi
417 2022 435 2111 Β
462 1976 501 2036 ita
531 1976 637 2035 dictum
668 1984 784 2055 propter

187 2072 303 2112 aveacen
335 2074 362 2112 m
382 2073 417 2111 ru
437 2072 521 2112 orem.

129 2128 250 2187 sterlre
271 2129 391 2200 buter,
412 2128 546 2206 butyrum
560 2129 720 2189 rancidum:
735 2132 784 2189 hit·

168 2211 223 2263 tere
251 2206 338 2276 buter,
367 2205 499 2284 butyrum
519 2226 661 2280 amarum,
688 2213 719 2266 ut
738 2210 783 2280 lit,

168 2289 332 2418 {argum
338 2288 445 2417 smtqqrt
458 2283 621 2419 raqutrrtqulis
634 2283 784 2344 auricomis

192 2403 198 2417 .
294 2394 304 2404 -
331 2379 385 2430 ons,
433 2379 478 2418 n.
509 2381 525 2418 u
580 2393 590 2404 ·
629 2379 688 2418 scer.

129 2435 366 2506 nield-buter,
388 2456 429 2513 cg.
449 2362 733 2515 butyrumfleoffectum
753 2437 783 2497 in

168 2513 257 2590 pratis
277 2513 329 2572 soli
348 2513 466 2573 arenosi.

130 2589 405 2661 winter-buter,
467 2635 472 2648 .
497 2590 628 2668 butyrum
649 2590 782 2662 hiemale,

168 2685 246 2802 tlt.
254 2668 456 2820 .1'⁶.⁰,3¹,}..?hl¹
466 2674 688 2820 tribuit.
701 2669 784 2818 'lt‘

168 2790 262 2893 buter),
288 2839 323 2878 ex
353 2821 442 2879 vaccis
471 2820 501 2879 in
531 2822 618 2898 pratis
649 2821 784 2881 viridibus

168 2896 356 2975 pascentibus.
382 2929 422 2942 -
448 2896 543 2956 Penus
573 2898 707 2975 hyemalis
733 2897 783 2957 bn·

167 2974 223 3051 tyri
243 2973 340 3033 aestivi.

130 3051 314 3120 buterich,
340 3049 393 3125 edj.
415 3050 515 3129 butyro
535 3051 710 3130 inquinatus,
735 3050 785 3109 bu·

168 3133 259 3206 tyrum
281 3127 368 3186 olens.
399 3128 469 3203 hug.
483 3130 600 3218 buttem,
621 3129 724 3205 haring
737 3129 784 3186 the

130 3205 549 3356 ..rtt'tttfftttftutlltz
563 3205 785 3359 lltlllhha,

168 3357 287 3427 scilicet,
308 3376 416 3415 cremor
435 3358 484 3436 qui
497 3359 627 3434 agitatur.
649 3359 785 3437 Tropice,

169 3433 333 3504 succedere,
370 3435 399 3491 It
430 3436 481 3495 scol
511 3440 560 3493 aot
590 3436 706 3510 butery'e,
740 3455 784 3494 res

190 3510 321 3569 rooedere
349 3511 453 3584 nescit,
483 3511 571 3570 Saul.
600 3515 628 3570 It
656 3513 702 3571 soil
725 3513 784 3570 airh

202 3593 287 3658 ttern,
308 3587 341 3646 B.
360 3587 397 3646 N.
418 3589 450 3647 L.
471 3589 494 3646 1.
517 3587 578 3648 127.
615 3589 691 3647 Alias
711 3589 741 3647 F.
762 3590 786 3646 it

168 3666 220 3723 scol
247 3669 296 3723 act
314 3664 430 3739 tribclje,
451 3683 582 3724 successu
602 3671 691 3737 caret,
719 3668 784 3743 Aga.

168 3743 301 3813 tribulum
321 3742 441 3820 pinsere.

207 3819 284 3878 Inter
303 3824 440 3878 nostrates
456 3818 633 3878 decantatum
650 3825 692 3878 est
705 3824 784 3879 retus

168 3895 325 3966 distichon,

258 3990 360 4059 Buter,
379 3988 461 4047 trlad
479 3987 528 4045 iad
541 3989 634 4064 yrieac
652 3988 722 4060 tsjir's

259 4065 366 4141 layord
377 4063 618 4142 Iayelskisdyoed
629 4064 729 4122 Friislr.

170 4142 243 4217 hug.
256 4142 366 4212 Baiter,
387 4141 470 4201 breed
481 4141 537 4201 aad
544 4161 625 4218 yreea
637 4142 723 4232 elcese

169 4219 784 4383 ...ambliniacus

169 4371 252 4430 hodie
278 4372 439 4431 transivisse
458 4372 487 4431 in
504 4373 607 4448 priene,
631 4377 659 4428 et
678 4374 736 4429 tere
754 4370 783 4428 in

168 4448 253 4524 trjiis,
285 4467 355 4528 quas
387 4467 474 4508 noras
505 4449 608 4507 formos
638 4453 666 4505 et
696 4447 784 4504 literis

167 4525 279 4662 scriXtis
304 4526 456 4662 setqqmnr.
478 4526 572 4624 ‘Angli
598 4526 664 4615 licet
682 4524 782 4658 teodem

168 4621 419 4662 moomnnos
474 4623 552 4661 carn
605 4621 681 4660 sese
714 4619 782 4671 cere,

167 4681 241 4739 chere
269 4679 299 4738 in
328 4623 487 4756 trjiiu,9in
513 4623 665 4757 rodiliana
692 4683 783 4736 tamen

165 4775 247 4836 orces
266 4763 296 4817 et
314 4758 402 4818 deese
416 4756 533 4817 immota
546 4757 673 4817 retinent
702 4753 784 4814 Hanc

1415 214 1469 276 778

1078 363 1214 426 cursu

855 442 1079 501 obseruationem
1099 442 1123 501 si
1143 443 1245 502 referas
1264 442 1300 501 nd
1317 447 1405 503 totam
1418 445 1470 505 lia·

856 538 939 596 guam
965 519 1095 597 plnrimae
1122 519 1300 592 differentia,
1331 539 1394 599 quse
1419 521 1472 580 lin·

913 615 941 654 m
969 596 1116 672 Anglicam
1145 596 1220 655 inter
1248 603 1277 656 et
1302 602 1470 675 praesentem

880 672 988 731 risioam
1010 672 1141 731 ridentur
1155 671 1341 746 intercedere,
1359 692 1472 735 aranea·

856 755 1001 886 cerisium
1022 831 1144 884 textores
1169 825 1349 899 artificiosus,
1369 826 1472 919 quibus

855 902 945 961 Frisia
970 902 1039 960 olim
1062 901 1240 975 abundabat,
1264 902 1359 963 sedem
1379 906 1472 964 fixisse

855 980 935 1055 ajunt
960 979 990 1038 in
1011 977 1080 1037 urbe
1099 979 1219 1055 Anglica
1237 980 1375 1051 Hallilar,
1396 987 1425 1040 et
1443 981 1472 1040 hi

856 1055 995 1115 distichon
1030 1054 1209 1114 decantatum
1234 1056 1271 1115 ad
1297 1075 1399 1116 novam
1423 1076 1474 1135 pa·

857 1133 938 1192 triam
952 1131 1080 1192 retulisse
1094 1132 1238 1202 ridentnr3
1254 1133 1284 1191 in
1297 1132 1414 1193 historia
1426 1154 1474 1193 ur·

856 1209 899 1268 bis
919 1209 994 1268 enim
1015 1208 1171 1268 celebratur
1187 1208 1369 1287 proverbium
1386 1211 1475 1270 Oooid

856 1286 951 1357 bade,
977 1286 1063 1344 botter
1086 1286 1143 1345 cord
1162 1288 1247 1345 odem
1266 1288 1296 1345 Is
1311 1286 1394 1364 avoid
1411 1289 1472 1347 Hc·

855 1364 929 1440 tifex
958 1362 1014 1421 oud
1039 1363 1122 1440 yoor'd
1152 1364 1251 1424 Friesc.
1283 1363 1353 1423 Haec
1376 1364 1474 1436 rerba,

856 1440 923 1499 licet
942 1447 1086 1518 corrupta,
1106 1458 1172 1499 exce
1221 1441 1286 1500 ier
1305 1439 1473 1519 quibusdam

856 1517 935 1576 urbis
955 1516 1093 1576 chronicis
1112 1517 1177 1575 trivi
1207 1516 1276 1576 'bna

894 1593 1020 1653 Pertinet
1039 1592 1093 1652 hoc
1112 1592 1252 1652 distichon
1271 1593 1308 1653 ad
1328 1613 1361 1653 ea
1374 1594 1472 1667 rerba,

857 1689 921 1748 qnae
942 1669 1049 1728 Frisice
1064 1669 1187 1760 ‘audiunt
1202 1671 1472 1760 laeppebrpreukjss,

855 1765 976 1826 quorum
1014 1764 1097 1804 varrae
1136 1765 1243 1823 specres
1282 1746 1312 1806 in
1345 1767 1393 1807 ore
1425 1767 1476 1825 po·

855 1824 916 1913 puli
944 1829 1031 1881 erant.
1068 1822 1273 1900 Antiquissima
1298 1830 1378 1896 aunt,
1409 1843 1473 1903 qaae

856 1920 886 1959 ιιι
913 1899 989 1958 bello
1014 1898 1104 1958 ricem
1124 1906 1236 1959 tesserae
1255 1901 1426 1978 praestabant
1445 1907 1474 1960 et

856 2011 874 2051 a
893 1991 984 2050 doctis
1011 1990 1076 2050 viris
1103 1993 1202 2051 rhetris
1227 1997 1256 2051 et
1273 1980 1407 2061 χῶλεποι
1427 2011 1475 2051 ιο-

857 2074 965 2127 eantur.
993 2068 1024 2126 si
1043 2067 1107 2146 quis
1127 2087 1157 2127 se
1178 2069 1301 2128 Frisium
1314 2068 1476 2128 stamicnm

856 2144 1012 2203 Frisiorum
1039 2144 1224 2222 praedicabat,
1253 2149 1282 2203 et
1300 2144 1404 2204 nostris
1424 2145 1475 2205 du·

857 2221 936 2280 bium
956 2221 1110 2299 obrepebat
1129 2221 1164 2279 de
1178 2221 1298 2281 hominis
1311 2222 1472 2294 veracitate,

857 2317 921 2356 eum
961 2317 1022 2356 corn
1045 2297 1165 2356 ellabant
1201 2296 1245 2356 elo
1266 2297 1296 2356 ni
1332 2298 1474 2376 quandum

857 2375 978 2434 rhetram
1034 2374 1145 2433 risicam
1178 2317 1320 2434 difficilem
1372 2393 1474 2435 ronnn·

858 2451 947 2522 ciatn,
973 2458 1005 2510 nt
1031 2457 1192 2511 extraneum
1218 2450 1253 2510 ab
1279 2451 1329 2529 inq
1374 2451 1419 2510 'no
1445 2457 1474 2511 et

857 2529 1002 2588 inimicum
1022 2528 1057 2588 ab
1077 2528 1167 2587 amico
1187 2528 1385 2588 discernerent.
1414 2527 1474 2587 Fri·

857 2605 906 2676 sii,
957 2606 986 2664 ui
1015 2605 1181 2664 obsidebant
1203 2606 1328 2665 Saxones
1354 2604 1384 2663 in
1404 2605 1473 2665 urbe

857 2683 948 2741 Frane
969 2702 1016 2741 era
1049 2685 1134 2753 (anno
1167 2686 1252 2756 1500)
1285 2681 1337 2740 hac
1369 2686 1474 2742 msera

857 2759 1021 2829 utebantur,
1051 2761 1173 2817 Fioarcer
1200 2760 1280 2816 letter
1308 2758 1381 2816 cicer
1405 2759 1474 2835 lesp-

857 2855 937 2911 ucyea
956 2855 990 2912 op
1009 2834 1298 2913 infiaaeleraeysletr
1311 2835 1376 2904 alst,
1396 2834 1474 2895 win-

858 2912 972 2982 semiua,
994 2914 1058 2973 atr.
1088 2913 1190 2971 Melior
1215 2912 1297 2970 lectio
1316 2912 1473 2989 Komponis

857 2990 995 3048 Martenae
1024 2988 1120 3060 habet,
1143 2992 1268 3066 syourcer
1295 2989 1378 3047 latter
1401 2989 1474 3049 οἶαι·

857 3067 1025 3142 tzyepeeyer
1051 3087 1085 3141 op
1111 3085 1157 3124 eea
1173 3067 1352 3142 ferae-herne
1377 3065 1407 3124 ia
1430 3085 1476 3127 aea

857 3149 921 3201 nest.
941 3142 1081 3233 Chartnb.
1102 3143 1140 3232 Il.
1161 3147 1187 3202 9.
1217 3142 1369 3233 qul'lm’
1396 3143 1475 3213 ,fuit

858 3226 1191 3430 :quartarium
1211 3219 1474 3385 aarum

858 3420 874 3445 „
910 3393 1002 3431 rrsone
1034 3377 1229 3449 agnoscerent,
1263 3391 1317 3430 msr
1349 3380 1473 3434 materna

859 3469 918 3522 „oc
950 3450 1060 3525 vulgari
1091 3450 1187 3525 lingua
1216 3449 1309 3507 dicere
1336 3449 1473 3526 potuisset

859 3573 875 3598 „
887 3526 970 3602 Hyrd
987 3545 1035 3584 rae
1053 3545 1119 3615 cyra
1139 3525 1235 3603 tyrre.'’
1255 3527 1327 3583 Item
1341 3525 1418 3603 quod
1431 3546 1473 3585 se·

878 3603 957 3660 uitur
982 3603 1037 3660 Dir
1061 3622 1085 3659 u
1110 3603 1157 3660 aia
1183 3602 1276 3678 klyrclr
1299 3620 1328 3658 so
1354 3601 1415 3659 krol
1432 3604 1474 3661 alr

858 3677 1259 3836 attlbt'ttblttl‘
1270 3678 1475 3834 liliati

858 3834 893 3893 de
909 3835 965 3892 situ
976 3832 1086 3903 Frisiae,
1107 3834 1170 3892 Lib.
1184 3833 1208 3892 I.
1227 3852 1250 3892 o
1268 3835 1310 3892 18.
1330 3832 1473 3893 Hilarides

857 3911 943 4046 ἱΜὸ.)
968 3910 1037 3988 legit
1062 3910 1139 3970 ITcrd
1163 3930 1211 3969 rec
1229 3911 1300 3968 riekt
1317 3911 1473 3971 risere-lm

874 3987 938 4046 dem
965 4006 1016 4065 pro
1036 3988 1269 4064 Klyrckccrapater
1288 3987 1357 4063 legit
1375 3988 1473 4045 cher·

857 4066 998 4140 komprter.
1030 4097 1070 4110 -
1098 4064 1224 4123 Tandem
1252 4064 1347 4121 lerunt
1376 4081 1473 4121 navar-

857 4142 942 4198 chum
963 4143 1063 4199 Greate
1077 4141 1143 4198 Pier
1155 4139 1275 4198 disticho
1288 4158 1374 4216 supra
1388 4139 1472 4198 citato

858 4217 968 4287 (buter,
1002 4217 1085 4274 broad
1111 4216 1161 4274 iad
1184 4216 1278 4292 yrim
1306 4216 1376 4290 tjijr,
1408 4219 1472 4291 caet)

858 4312 940 4351 usum
953 4293 1051 4364 luisse,
1064 4300 1096 4351 ut
1110 4292 1286 4369 dignosceret
1298 4291 1471 4350 Hollandum

857 4388 874 4428 a
899 4369 1004 4440 Frisio,
1034 4376 1063 4428 et
1091 4388 1156 4427 eum
1190 4386 1331 4446 quemque
1355 4367 1471 4428 Hollan·

857 4445 938 4516 dum,
964 4446 1013 4524 qui
1039 4445 1117 4504 illam
1143 4451 1276 4503 tesseram
1296 4445 1394 4504 eherre
1413 4464 1470 4504 non

857 4523 931 4658 pillis
957 4529 1028 4612 erat,
1059 4522 1215 4599 projectum
1241 4521 1271 4579 in
1297 4540 1470 4600 maresque

856 4619 870 4659 s
914 4618 1044 4658 ocavrsse.

894 4677 1136 4735 Circumscruntur
1180 4679 1318 4753 praterea
1355 4675 1469 4749 rhetrae,

856 4772 979 4833 quarum
1008 4753 1092 4814 verba
1119 4751 1156 4812 ab
1182 4752 1280 4815 eadem
1306 4751 1388 4814 litera
1407 4772 1473 4813 oon·

1361 4846 1397 4909 87
