3256 5310
128 243 182 302 555

416 394 504 453 BUK.

1417 251 1473 310 555

1084 397 1213 458 BUKJIi.

169 473 259 532 Sarni
274 470 406 549 5555515,
427 472 576 529 vacillante
590 489 687 547 gressu
701 472 788 531 instar
823 471 1300 550 555-551515,55.5.5555515)“5,
1319 477 1476 538 alternatim

169 550 331 609 animalculi
350 548 481 607 brevibus
501 549 621 625 pedibus
641 549 690 607 ire.
723 548 788 608 115.

166 627 255 697 aaa,
278 645 362 702 ocyus
382 645 491 684 summa
505 625 531 684 vi
545 626 580 683 ali
604 626 651 683 nid
665 632 786 702 portare.

165 702 229 762 Joh.
257 706 302 761 31.
328 702 370 760 Ν0
398 704 443 760 18.
480 703 508 759 F.
529 645 639 771 155151,
664 709 784 778 tergum,

167 798 285 856 corpus;
297 779 430 853 pochelje,
451 777 591 837 insudare.
620 783 691 855 Ang.
705 779 783 854 5515,

167 875 283 932 eorpus3
304 855 334 913 F.
355 854 443 929 bbaije,
463 854 608 913 desudare.

128 953 146 990 u
156 932 219 991 155
229 931 246 990 k
251 933 300 1009 je,
316 932 392 989 vb.n.
406 931 528 989 distendi
542 931 690 1063 turpentia.
713 933 784 1007 Aug.

164 1008 240 1067 11551
273 1008 366 1085 Forby
399 1008 423 1068 I.
456 1011 494 1065 35
525 1012 553 1066 15
602 1010 707 1065 555551
715 1052 724 1080 ,
756 1015 784 1065 to

164 1084 243 1143 swell
272 1091 330 1143 out.
373 1084 414 1142 Di
442 1085 548 1142 madrre
566 1085 643 1142 duket
661 1089 705 1156 51,
734 1104 783 1162 pa·

166 1161 220 1221 ries
240 1162 345 1219 caduca
364 1162 512 1237 prominet.

127 1237 222 1308 BUK,
242 1257 278 1296 m.
298 1239 331 1296 F.
339 1256 365 1296 5.
381 1237 493 1296 dorsum
503 1263 511 1307 ;
531 1241 705 1313 permutatur
719 1257 782 1296 cum

164 1316 225 1386 555,
256 1316 379 1373 domum.
419 1315 463 1372 Ex
487 1315 539 1371 555
564 1315 595 1371 fit
621 1315 652 1372 F.
671 1316 782 1388 perdel,

165 1392 294 1462 dorsum,
315 1410 429 1469 corpus,
450 1390 507 1449 ild.
521 1392 628 1466 puclel.
659 1392 719 1449 Belr
738 1410 783 1448 va·

165 1468 283 1536 151555,
306 1467 434 1537 dorsum,
455 1467 528 1531 unde
542 1469 617 1542 puk,
637 1467 666 1524 in
686 1468 782 1524 551515·

157 1547 232 1621 555,
253 1544 362 1621 phrasis
382 1544 532 1614 infantilis,
559 1544 675 1603 incurro
699 1544 781 1603 dorso

203 1627 274 1680 rtare
294 1621 443 1692 infantem,
469 1639 587 1699 puerum
608 1622 652 1678 vel
672 1621 781 1698 puellu-

176 1717 220 1756 am
241 1699 421 1756 varicantem.
451 1700 557 1772 tinga.
577 1699 645 1755 5555
665 1718 682 1754 5
702 1698 780 1767 55515,

163 1792 181 1834 a
210 1774 328 1833 childish
357 1774 457 1851 phrase
487 1776 531 1832 ior
560 1773 623 1831 bein
674 1773 780 1833 carried

164 1851 267 1909 astride
296 1870 333 1908 on
363 1851 410 1909 the
440 1850 518 1910 neelr.
547 1794 665 1927 Wrigbt.
708 1854 780 1926 Aug.

163 1928 347 1997 imitabaris,
386 1927 518 1986 incurvus
557 1926 686 1984 humeris.
732 1927 780 1986 151.

164 2004 250 2075 5555,
271 2023 301 2062 55
320 2004 482 2074 155555555;
506 2003 689 2073 Ν1.555555,
710 2001 780 2060 desi·

164 2079 238 2138 dere.
277 2080 380 2139 Confer
409 2082 470 2148 555,
500 2079 629 2148 dorsum,
655 2084 683 2136 et
709 2078 780 2137 adde

166 2158 204 2214 To
229 2158 277 2213 555
303 2162 385 2214 tacete
410 2161 496 2230 (retro
521 2159 646 2232 tangere)
667 2155 696 2212 in
716 2175 779 2213 auc·

164 2233 243 2322 tione
259 2252 400 2292 summum
421 2232 587 2322 licitatorem
608 2251 738 2310 respuere
752 2237 779 2290 et

125 2315 778 2464 Β1111111111511111.15...

162 2465 276 2539 Stakstslr
301 2464 390 2538 lukje,
416 2463 532 2521 asellum
559 2463 710 2521 arefactum
735 2467 778 2521 tu·

162 2539 241 2610 dere,
271 2539 319 2599 Nl.
348 2541 477 2598 5151551555
506 2539 610 2597 becken.
645 2538 778 2615 Tropice,

162 2617 203 2674 Di
226 2618 282 2674 5511
300 2617 365 2674 scier
383 2617 475 2674 155555
493 2616 526 2692 dy
545 2616 574 2673 di
593 2615 642 2672 515
656 2618 711 2689 sen
730 2636 778 2691 syn

155 2691 300 2766 Jiaaichsta
311 2711 389 2762 eoas,
403 2700 483 2769 pater
496 2694 600 2750 fractus
614 2699 672 2749 erat
684 2692 777 2750 animo

163 2775 274 2828 mortuo
294 2769 352 2826 filio
372 2768 526 2845 unigenito.
546 2801 584 2812 -
603 2769 690 2843 Bukjc
702 2768 776 2826 idem

163 2851 206 2905 est
219 2864 283 2904 cum
296 2846 390 2917 551515,
411 2845 488 2923 quod
504 2845 575 2903 vide.
605 2845 677 2919 Aug.
691 2844 778 2903 Yorlr·

161 2922 250 2993 abire,
270 2927 297 2981 15
316 2923 393 2993 5555,
421 2931 451 2980 15
472 2922 542 2979 beat.
572 2921 670 2979 Teuth.
692 2922 776 2991 ,555-

161 3001 221 3070 ken,
260 3001 383 3075 cloppen,
422 3003 585 3076 percutere,
618 2998 776 3069 verberare,

161 3075 268 3135 serire.''
307 3077 397 3135 Saxi.
416 3094 450 3134 ex
479 3076 560 3132 55555
590 3075 713 3132 formant
732 3074 775 3132 55.

161 3152 396 3230 frequentativum
407 3153 511 3221 ddkera,
522 3151 674 3209 verberare.
686 3151 775 3209 Grim-

159 3229 247 3298 mius,
267 3230 309 3287 515
325 3248 465 3299 summus,
487 3227 644 3287 sciscitatur
655 3228 705 3298 (11.
720 3231 774 3283 105

160 3305 240 3380 Lex.)
254 3305 323 3382 quid
336 3306 390 3364 5151
404 3306 464 3363 vult
478 3305 585 3381 phrasis
592 3305 776 3380 para-boekca.

160 3379 232 3439 Vult
245 3388 352 3452 autem,
373 3381 519 3441 verberare
529 3382 591 3452 fila,
604 3380 680 3458 quod
694 3380 776 3437 lullo·

160 3476 244 3528 num,
270 3459 315 3516 551
341 3458 586 3528 summariorum,
614 3457 657 3514 vel
677 3457 776 3514 tincto·

160 3552 223 3593 rum
249 3540 301 3593 est.
330 3535 400 3594 Inde
427 3534 607 3593 carminarius
634 3534 713 3591 ltalia
734 3537 776 3591 est

160 3611 315 3682 55551555,
328 3611 576 3686 111551155155555.
589 3609 776 3669 1155155155

160 3689 199 3763 (1⁸
217 3688 295 3764 edit.)
317 3709 344 3767 p.
365 3693 428 3747 330.
449 3687 634 3746 carminoriaa.
668 3687 776 3744 Instru-

159 3772 303 3836 mentum,
324 3785 381 3844 quo
395 3765 555 3832 verberant,
577 3764 681 3822 dicitur
696 3763 775 3837 (Kil.)

158 3842 206 3901 NL
216 3845 444 3920 qaam-loppa,
455 3842 475 3917 j.
488 3842 643 3910 chalamar,
657 3841 774 3898 malleus

159 3924 287 3996 stupens.
324 3920 428 3998 Opiter
453 3920 528 3995 ipse,
556 3917 604 3994 qui
632 3917 774 3987 verberat,

180 4015 217 4054 ¹¹⁰
232 4016 275 4130 11
292 3995 774 4150 1111111,111“11115151

160 4149 283 4207 fullones
320 4156 411 4208 vestes
448 4149 541 4207 laneas
574 4146 774 4205 conculcabant

160 4223 294 4302 pedibus,
317 4230 351 4284 ut
368 4224 464 4283 tabula
483 4225 558 4302 picta
577 4224 718 4300 Pompejis
739 4243 773 4281 ex

159 4300 267 4359 aedibus
292 4301 523 4372 1511551555515,
550 4320 635 4378 qnam
656 4301 774 4376 Neapoli

157 4378 190 4513 {a
208 4397 317 4437 musaeo
336 4378 515 4438 Bourbonico
536 4378 608 4448 vidi,
629 4377 695 4436 mihi
710 4395 775 4454 pro·

129 4461 131 4465 ’
176 4455 242 4516 evit

121 4529 241 4606 55115,
270 4532 346 4592 aba.
366 4532 458 4592 ferire.
488 4532 518 4590 F.
526 4532 552 4591 5.
572 4532 664 4599 55555,
684 4531 775 4601 55555,

159 4608 312 4670 verberare.
342 4610 469 4680 Barkaia,
497 4610 535 4686 pl.
563 4607 776 4667 5555555051-

158 4704 224 4756 555,
245 4689 290 4747 15.
313 4686 380 4746 1151.
393 4686 544 4765 tralatae,
565 4684 692 4744 manibus
706 4703 776 4762 pug-

157 4778 232 4823 nare.

861 550 1020 607 dextrarum
1054 551 1162 626 palmas
1194 553 1292 624 ferire,
1325 559 1358 612 ut
1386 555 1478 614 solent

861 632 950 684 emtor
977 635 1005 684 et
1031 627 1174 699 venditor,
1201 629 1271 687 dum
1290 629 1336 689 hie
1355 632 1477 709 pretinm

860 703 954 779 ponit,
982 702 1030 760 ille
1050 703 1180 765 licitatur.
1210 705 1338 765 Tandem
1358 726 1420 767 cnm
1442 708 1477 767 55

859 778 950 855 pretio
976 779 1049 837 inter
1075 780 1139 838 illos
1166 782 1297 840 conuenit
1322 784 1395 843 hanc
1411 803 1478 862 pac·

859 856 964 913 tionem
992 856 1197 916 vehementiore
1226 859 1285 916 ictu
1315 860 1476 920 dextrarum

858 933 1001 1000 sanciunt,
1029 933 1077 1020 qui
1101 935 1475 1009 5515515555515515155,

859 1009 875 1066 i.
890 1028 913 1066 e.
928 1010 1065 1085 palmaria
1078 1009 1215 1080 addictio,
1230 1011 1340 1072 dicitur.
1370 1013 1476 1072 Dextra

859 1090 901 1143 est
926 1085 1085 1160 symbolum
1111 1086 1185 1146 fidei.
1219 1087 1279 1148 151
1301 1091 1355 1160 llas,
1381 1090 1477 1149 555155

848 1161 992 1239 fidesque!
1019 1162 1067 1220 Nl.
1087 1162 1166 1237 (Kil.)
1185 1165 1475 1242 55555159515555-

856 1239 945 1312 51595,
996 1238 1110 1297 almaria
1135 1239 1265 1310 indictio;
1295 1243 1411 1319 plausus
1434 1245 1477 1301 in·

854 1314 936 1389 jectae
966 1258 1096 1374 dextraffl
1135 1316 1168 1373 In
1189 1319 1323 1376 auctione
1343 1338 1477 1395 agrorum

858 1396 885 1447 et
910 1391 1058 1450 domorum
1089 1392 1198 1468 phrasis
1227 1401 1271 1452 est
1294 1394 1418 1454 solennis
1444 1396 1478 1472 dy

853 1468 1013 1542 ,5515551555
1024 1470 1185 1543 scrlebpje,
1216 1476 1244 1529 et
1263 1472 1364 1530 ultima
1382 1471 1479 1531 vendi·

857 1543 941 1602 tionis
965 1544 1025 1603 dies
1046 1545 1149 1604 dicitur
1168 1545 1198 1605 ds'
1217 1546 1262 1605 dea·
1272 1551 1326 1621 sess
1346 1547 1376 1606 511
1388 1549 1479 1624 palm·

855 1621 936 1679 51555.
956 1621 1003 1678 Ν1.
1024 1622 1104 1696 (Kil.)
1132 1667 1148 1693 „
1160 1624 1364 1701 keep-stophen,
1388 1631 1478 1685 55155.

856 1697 998 1755 mercari.”
1037 1702 1109 1774 Aug.
1139 1703 1165 1756 15
1195 1701 1279 1759 atrike
1309 1721 1326 1758 a
1349 1703 1476 1778 5555515,

856 1773 902 1832 Nl.
922 1774 972 1831 den
992 1775 1059 1849 hoop
1079 1776 1176 1850 treffen
1196 1778 1362 1849 (emtionem
1382 1777 1476 1852 155155)

855 1849 905 1908 den
930 1851 998 1925 kcop
1023 1851 1118 1909 sluiten
1141 1853 1311 1927 (emtionem
1335 1853 1476 1929 claudere)

855 1927 978 1997 scilicet,
995 1927 1101 2001 junctis
1120 1927 1234 1990 dextris.
1248 1931 1283 1989 In
1297 1930 1474 1989 auctionibus

855 2003 977 2079 puhlicis
997 2023 1089 2081 praeco
1106 2004 1167 2063 loco
1181 2006 1251 2064 aolae
1265 2007 1371 2065 dextrae
1385 2007 1474 2065 utitur

855 2080 955 2138 malleo
975 2079 1085 2156 ligneo,
1105 2100 1162 2158 quo
1182 2083 1248 2141 ierit
1265 2103 1391 2143 mensam
1408 2101 1473 2142 eum

854 2176 912 2215 rem
936 2158 1079 2215 venditam
1103 2159 1203 2217 emtori
1223 2160 1371 2235 adjudicat.
1401 2159 1473 2218 Rem

853 2232 1042 2308 adjudicatam
1069 2233 1116 2291 Nl.
1142 2234 1208 2292 ideo
1228 2242 1330 2295 vocant
1349 2237 1472 2312 55555515-

850 2328 916 2385 955,
942 2314 970 2366 51
994 2309 1081 2387 Angli
1101 2311 1324 2371 maledulces.
1360 2313 1413 2373 Ex.
1432 2331 1474 2389 gr.

854 2387 910 2443 155
928 2385 1049 2461 55551555
1067 2405 1135 2445 scere
1154 2388 1292 2448 1555555555
1310 2393 1337 2446 15
1350 2393 1422 2459 550,
1442 2394 1473 2447 51

852 2463 936 2520 which
960 2482 1018 2520 sum
1048 2465 1091 2521 155
1111 2466 1240 2540 promises
1263 2484 1330 2524 were
1355 2464 1472 2525 5555555

852 2539 934 2598 dorca
965 2539 1070 2597 Contra
1089 2540 1224 2600 Hollandi
1242 2542 1396 2601 vendentes
1413 2559 1471 2601 non

852 2615 912 2674 sine
933 2614 1035 2673 damno
1055 2636 1113 2674 rem
1132 2619 1304 2695 superfluam
1324 2618 1470 2677 55155151-

852 2698 946 2750 mento
970 2692 1134 2764 obnoxiam,
1162 2694 1215 2753 hoo
1238 2701 1338 2753 vocant
1357 2713 1419 2753 coer
1437 2694 1471 2753 de

850 2768 924 2826 5555
948 2770 1033 2826 51555.
1058 2801 1098 2814 -
1117 2770 1164 2828 151.
1184 2772 1356 2859 keep-alapa,
1375 2770 1472 2831 Sueth.

851 2846 957 2920 kopala,
978 2847 1109 2913 mercarh
1132 2848 1174 2904 515
1192 2849 1265 2919 uad,
1285 2866 1404 2925 pignore
1423 2845 1472 2906 de-

851 2922 943 2998 posito
963 2928 1081 2980 certare:
1103 2923 1152 3000 qui
1172 2931 1331 2983 contractus
1345 2929 1404 2983 erat
1416 2929 1471 2982 tes·

850 2998 886 3056 115
902 2997 1013 3072 junctas
1034 2999 1234 3074 paciscentium
1255 3000 1367 3060 dextras
1380 3001 1471 3078 impo-

850 3074 903 3132 sita
938 3094 990 3132 sua
1023 3077 1187 3154 separabat,
1221 3076 1326 3137 indicio
1359 3078 1400 3135 rei
1433 3076 1470 3135 ad

850 3151 933 3209 finem
961 3151 1117 3228 perductae;
1143 3153 1208 3212 inde
1234 3155 1276 3212 515
1295 3155 1343 3230 as,
1370 3156 1469 3212 testem

851 3233 1010 3286 contractus
1024 3248 1115 3305 agere.
1129 3229 1207 3300 ihre,
1227 3232 1295 3291 Lex.
1310 3231 1346 3289 11.
1360 3250 1387 3308 p.
1403 3231 1469 3290 557.

850 3304 953 3362 (155155
973 3306 1033 3362 Lat.
1054 3307 1175 3382 Prospere
1184 3308 1293 3383 soedm,
1314 3306 1469 3366 551555151-

850 3382 916 3438 11555
928 3400 986 3438 cum
1000 3382 1089 3458 aliquo
1103 3389 1131 3439 51
1135 3388 1254 3457 5551555.
1269 3384 1340 3441 Cum
1350 3383 1401 3441 hae
1414 3383 1470 3440 for·

850 3458 926 3515 mula
946 3463 1081 3515 consonat
1098 3458 1185 3517 altera
1198 3459 1341 3529 Suethica,
1361 3457 1469 3517 scilicet

851 3539 913 3608 top;
934 3552 996 3590 curn
1017 3534 1092 3591 enim
1112 3553 1210 3623 pacem
1231 3534 1403 3613 pangebant,
1424 3533 1468 3592 sel

851 3609 1009 3686 pactionem
1045 3611 1223 3682 sanciebant,
1265 3610 1349 3669 ambo
1383 3628 1468 3668 suarm

849 3686 1042 3762 significabant
1049 3706 1214 3746 consensum
1225 3687 1363 3766 oppositis
1371 3687 1468 3746 utrim-

850 3781 906 3840 que
936 3763 1099 3840 pollicibus,
1129 3765 1189 3823 sive
1217 3766 1313 3843 potius
1340 3763 1467 3842 apicibus

851 3839 993 3917 pollicum.
1023 3841 1088 3898 lhre
1108 3846 1185 3917 topp,
1206 3842 1244 3900 11.
1260 3846 1324 3900 954.
1356 3843 1412 3917 Top
1426 3846 1469 3899 est

850 3917 1378 4072 15151511111131111
1390 3918 1466 4051 llll

849 4070 975 4129 obsoleta
994 4077 1080 4129 restat
1093 4079 1185 4130 tamen
1198 4072 1227 4129 in
1242 4090 1339 4129 eornm
1354 4071 1466 4146 lingua:

850 4165 915 4205 nam
934 4147 1113 4224 sponsionem
1129 4149 1252 4206 oblatam
1266 4147 1289 4205 si
1304 4146 1367 4223 quis
1380 4145 1468 4204 susei-

849 4223 903 4357 pit,
916 4226 980 4298 top!
997 4224 1157 4301 respondet.
1176 4224 1210 4282 ci.
1225 4225 1291 4282 Τ55.
1304 4222 1405 4281 nanu.
1419 4220 1467 4281 115.

876 4300 914 4357 11.
935 4303 980 4358 55.
1000 4300 1155 4370 Jamieson;
1178 4301 1253 4359 Scot.
1273 4299 1347 4358 Diet.
1367 4299 1467 4356 thamb-

849 4375 960 4450 1155155,
981 4376 1079 4453 Suppl.
1092 4377 1176 4435 idem.
1195 4408 1235 4421 -
1253 4375 1468 4453 5515155555-

849 4471 905 4529 que
918 4456 992 4510 ret'er
1004 4453 1084 4524 dilcje,
1098 4453 1224 4529 pulsare,
1239 4457 1267 4510 et
1279 4455 1345 4529 Age.
1358 4452 1466 4528 515555,

850 4533 977 4599 (mannan
1004 4548 1089 4587 manu
1115 4529 1239 4606 pulsare)
1261 4548 1367 4600 emere,
1393 4532 1467 4606 Aug.

850 4607 900 4682 day
919 4605 1003 4664 idem.
1032 4605 1074 4664 lix
1094 4607 1286 4683 prioreparte
1307 4605 1467 4665 55551555-

849 4684 924 4756 55515
953 4682 1033 4741 fluxit
1061 4682 1092 4742 Il.
1118 4683 1467 4758 5555555111555515155

849 4759 974 4821 mercari.
1009 4759 1154 4820 Tubantes
1182 4761 1324 4834 55515155,
1349 4760 1465 4838 proprio

1352 4857 1389 4913 35
