3256 5310
173 188 228 258 17⁵

428 348 571 409 BANGA.

210 429 242 481 ut
256 424 331 513 puls)
346 429 387 482 est
402 425 480 483 lusus
493 426 522 483 in
536 445 603 484 voce
618 428 699 502 tany,
722 428 826 497 mollis,

210 520 319 569 suavrs,
347 507 375 557 et
415 501 527 572 aridus3
548 523 625 561 mens
646 502 766 561 bominis
781 525 828 581 pa·

211 577 266 635 vidi
287 577 366 635 facile
387 521 533 653 tlangimr.

171 652 239 711 ban
248 653 306 730 g-lr
316 654 407 725 loot,
422 675 461 729 cg.
478 656 533 715 ato.
544 656 627 714 homo
638 658 825 716 meticulosus.

211 749 246 787 cx
277 731 343 806 drap
369 736 397 788 et
422 732 503 802 bloet,
533 734 599 792 Hol.
626 734 712 804 blord,
743 734 826 792 homo

210 806 356 865 imbecillis
377 813 405 865 et
424 808 553 867 imbellis.

170 881 381 960 bang-biixe,
396 904 437 961 cg.
452 884 508 942 no.
522 885 604 944 honio
618 887 725 945 anxius.
738 889 826 957 Br'r'ee,

208 959 320 1029 bracca,
351 967 429 1019 notat
454 963 609 1020 masculum
640 964 714 1041 quod
735 963 826 1022 indui·

208 1041 253 1169 {ur
266 1036 373 1096 bracca.
404 1037 476 1095 Vide
489 1040 565 1108 dore,
587 1041 738 1109 bose-marr,
760 1041 827 1117 lyrae

224 1132 279 1172 oce.

169 1189 437 1266 bauga-sciter,
478 1211 519 1269 eg.
560 1193 642 1251 homo
683 1195 826 1270 praetrepi-

208 1265 276 1335 dus;
296 1267 422 1344 proprie,
443 1269 598 1327 calmetus
619 1270 711 1327 alvum
732 1271 842 1343 solvit,

207 1343 270 1401 Vox
290 1362 323 1401 ox
343 1343 432 1402 trivio.
468 1346 728 1422 Luxemburgenses
748 1348 825 1424 henp-

206 1420 331 1489 aclrr'sser,
352 1420 434 1478 idom.

170 1496 298 1572 bauga,
319 1503 352 1555 st.
367 1498 463 1556 Saterl.
477 1499 606 1569 taedium,
626 1500 714 1557 dolor.
740 1500 783 1558 Ex
796 1502 825 1557 de

207 1579 235 1630 et
254 1593 331 1649 carpe,
352 1576 419 1650 Ags.
440 1594 520 1651 ange,
541 1577 656 1635 roratio.

169 1648 315 1719 BANGA,
336 1666 448 1721 nouos,
469 1653 583 1710 uomina
602 1654 748 1728 gentilitia.
776 1652 823 1711 lsl.

1458 194 1511 266 llo

1131 352 1248 411 BANK.

902 429 982 496 dorric,
1010 447 1106 505 agger,
1134 429 1206 506 ripa;
1226 430 1317 500 bened,
1344 429 1515 489 subsellium.

902 504 987 562 Saul.
1008 505 1090 574 bank,
1117 505 1139 561 ri
1162 526 1177 562 a
1202 506 1338 563 scalarum
1364 507 1451 565 instar
1472 507 1517 563 de-

901 581 987 639 clivis.
1028 582 1060 638 B.
1081 582 1117 638 N.
1139 525 1169 639 ll.
1187 582 1209 639 I.
1224 586 1268 640 48.
1302 584 1394 652 Bria,
1414 584 1516 642 inserta

901 657 989 715 nasali
1026 679 1043 715 n
1080 663 1144 715 autc
1177 665 1289 716 tenuem
1329 661 1515 735 gutturalern,

900 734 982 791 fluxit
1010 754 1042 791 ex
1066 736 1130 804 bale,
1156 735 1193 791 Is,
1213 735 1305 805 bukki,
1332 756 1369 795 m.
1388 755 1434 794 cre
1455 736 1517 805 ido,

900 830 994 899 margo
1002 835 1009 879 ;
1039 810 1142 869 clivus:
1174 811 1234 889 ripa
1267 812 1404 884 fluminis,
1435 756 1517 871 littus

899 907 997 945 ruarrs:
1018 888 1095 945 navis
1112 892 1241 962 (magnus
1255 888 1335 964 quasi
1349 889 1444 946 alveus
1457 909 1516 947 cre-

899 963 996 1095 pidine
1011 967 1125 1040 septus).
1158 964 1261 1022 Confer
1275 965 1300 1021 N
1304 966 1321 1023 l.
1335 965 1429 1035 decad,
1443 966 1515 1039 Aug.

914 1040 994 1109 card,
1028 1041 1089 1097 Gal.
1122 1041 1198 1109 bord,
1232 1059 1326 1117 margo
1363 1047 1391 1098 et
1429 1043 1515 1100 rravis.

901 1117 950 1175 lsl.
968 1118 1072 1187 aare,
1094 1136 1129 1174 m.
1151 1136 1294 1174 scamnum
1315 1117 1373 1175 sive
1386 1118 1472 1176 sedile
1486 1119 1514 1176 in

899 1193 1076 1251 tabernaculo
1103 1193 1250 1262 comitiali;
1276 1194 1364 1252 lectus
1384 1194 1516 1252 dormito·

899 1270 970 1338 rius3
991 1270 1084 1339 navis;
1105 1269 1192 1328 collis.
1232 1270 1368 1346 Egilssou.
1401 1271 1515 1330 Eisdem

839 1418 842 1445 ι
898 1346 1049 1479 ralla
1069 1367 1098 1481 a
1122 1352 1202 1480 aa
1222 1347 1515 1481 canusa

898 1444 1077 1568 subselliuld,
1098 1443 1234 1568 tribubal
1254 1442 1320 1558 llll
1334 1468 1416 1576 plene
1429 1469 1516 1558 reoli:

897 1577 979 1646 bank,
1000 1575 1129 1634 tribuual.

859 1653 964 1721 bank,
980 1671 1013 1728 cg
1027 1671 1185 1722 scamnum,
1205 1652 1235 1710 in
1249 1671 1305 1728 quo
1319 1652 1413 1729 plures
1429 1654 1515 1711 simul

206 1726 298 1802 daupi,
318 1746 354 1784 m.
368 1746 463 1796 ursus;
485 1730 589 1804 denari,
611 1731 720 1788 bursa:
741 1749 823 1789 ursus
838 1734 840 1799 l
897 1728 1010 1798 sedent;
1028 1731 1094 1799 stol,
1110 1729 1189 1798 sella,
1205 1729 1234 1786 iu
1268 1749 1304 1786 ua
1317 1735 1425 1786 tantum
1440 1749 1513 1787 uuus

207 1808 265 1860 erat
301 1803 462 1862 Borealium
499 1804 561 1874 leo,
598 1806 674 1864 uude
711 1806 840 1865 nomina*

206 1880 320 2012 propria
357 1881 485 1958 quaedam
518 1882 623 1940 Frisios
656 1889 716 1941 orta
749 1890 823 1942 suut.

233 1956 278 2014 ide
298 1957 394 2026 Ibero,
416 1958 500 2015 Frier.

168 2032 295 2109 bauga,
319 2054 419 2092 uonren
441 2035 514 2092 villae
534 2035 562 2092 iu
583 2054 655 2113 pago
678 2036 823 2095 Westdou·

205 2110 336 2187 geradela
360 2111 433 2169 inter
456 2111 529 2170 vicos
551 2111 676 2171 Hautum
696 2119 724 2170 et
744 2112 821 2172 Han·

203 2187 354 2245 tumhuzcu
375 2187 482 2246 mediae.

169 2262 302 2334 BANJE,
332 2263 408 2323 rbv.
434 2264 558 2341 relegare
577 2266 607 2323 in
627 2267 757 2334 exilium;
784 2267 822 2343 pf.

205 2341 295 2399 donne.
326 2341 356 2398 F.
364 2361 387 2399 r.
408 2342 507 2411 donna,
534 2344 632 2413 banau,
656 2343 755 2417 jubere
775 2363 822 2400 nu·

205 2416 317 2474 toritate
346 2417 473 2495 publica,
507 2419 628 2477 tribuual
661 2438 820 2478 convocare.

205 2492 253 2550 lsl.
267 2495 364 2563 danna,
385 2494 543 2570 prohibero,
557 2496 723 2553 interdicere
729 2520 737 2564 ;
759 2498 821 2567 bun,

897 1804 975 1863 sedct
1004 1805 1124 1882 ideoque
1153 1805 1233 1863 sodes
1282 1806 1429 1864 odoratior.
1479 1808 1512 1864 lu

897 1882 1019 1940 ecclesiis
1046 1882 1166 1940 lamium
1193 1883 1269 1940 sellis
1298 1882 1434 1951 insident;
1462 1884 1513 1940 viri

893 1958 983 2033 juncti
1010 1959 1039 2014 in
1062 1959 1197 2027 scamnis,
1224 1959 1299 2017 unde
1319 1959 1440 2035 phrasis,
1467 1959 1512 2015 do-

896 2054 971 2111 meny
997 2037 1092 2111 pretet
1108 2040 1179 2111 fodr
1204 2036 1300 2093 studea
1325 2034 1374 2094 aad
1397 2036 1513 2104 trater,

896 2111 1025 2171 sacerdos
1064 2113 1218 2170 orationem
1257 2112 1338 2169 habet
1374 2112 1450 2170 sellis
1486 2120 1514 2169 et

897 2188 1028 2258 scamnis,
1044 2187 1062 2247 i.
1077 2208 1100 2247 e.
1113 2189 1150 2246 ad
1163 2189 1332 2248 rarissimam
1343 2188 1513 2247 concionem.

898 2266 1001 2322 Thraca
1021 2266 1118 2322 marka
1131 2266 1189 2339 jild
1208 2267 1269 2322 lecim
1287 2266 1323 2342 lep
1342 2270 1368 2322 to
1387 2265 1454 2324 rtael
1468 2266 1515 2323 ind

896 2347 923 2399 tc
943 2342 1024 2411 bank,
1048 2342 1144 2400 adiens
1158 2342 1346 2400 haereditat-cm
1360 2343 1453 2399 aruitae
1487 2364 1515 2399 o-

896 2417 950 2476 tuit
991 2419 1127 2477 instruere
1168 2417 1284 2476 domum
1323 2363 1513 2495 supellectile,

895 2495 1047 2552 instaurare
1068 2514 1127 2552 rem
1145 2495 1332 2552 domesticam.
1365 2496 1437 2552 IIrac
1449 2499 1514 2569 sor·

205 2589 232 2627 n.
249 2570 442 2641 interdictum,
464 2573 719 2631 excommunicatio
754 2575 820 2648 rlgs.
887 2575 955 2645 furt
979 2574 1028 2628 hut
1052 2574 1095 2645 ry'rr
1120 2573 1188 2628 rrirlr
1206 2591 1247 2629 cnr
1266 2591 1318 2629 ruer
1338 2577 1365 2628 to
1383 2573 1449 2629 stoel
1467 2573 1515 2629 ind

204 2647 321 2717 dannan,
342 2647 416 2705 vba.
443 2649 482 2724 pl.
508 2649 602 2718 deone,
631 2650 668 2726 pl.
692 2650 820 2720 deunana,

224 2726 279 2801 pt.
318 2725 431 2795 bornen,
471 2724 618 2795 mandare,
656 2744 820 2794 convocare;

202 2743 281 2870 donn,
312 2821 348 2859 m.
376 2801 550 2872 mandatum,
578 2803 707 2861 edictum.
747 2804 820 2879 rlng.

203 2881 229 2933 to
248 2878 313 2946 baar,
335 2885 363 2935 et
382 2884 415 2936 st.
437 2879 494 2937 ban.

165 2951 231 3011 ban
237 2954 247 3027 j
258 2974 288 3023 e,
309 2954 352 3012 vb.
361 2973 385 3012 a.
403 2955 467 3013 F.b.
485 2957 620 3014 exsecrari
634 2974 732 3032 quom,
752 2955 819 3013 diris

203 3029 348 3088 devovere.
382 3031 478 3088 Suethi
505 3033 604 3089 bonnm
630 3033 676 3089 ccli
702 3034 819 3104 areoerja,

204 3108 245 3180 (F.
264 3107 356 3183 flolrke
388 3108 436 3164 iad
466 3113 577 3179 aurare.)
617 3111 688 3183 Ang.
717 3114 743 3165 to
769 3109 818 3165 bair

204 3183 260 3241 aad
278 3203 360 3240 curae.

165 3258 445 3330 dinei-banner,
472 3280 513 3336 cg.
534 3261 683 3319 exorcista:
704 3262 819 3338 praeser-

202 3336 253 3394 tim
281 3336 329 3414 qui
354 3337 483 3414 precibus
513 3343 541 3394 et
567 3337 684 3395 vinculis
704 3337 817 3413 magieis

201 3414 351 3548 profligare
380 3418 470 3473 tentat
490 3414 599 3472 dolores
620 3415 816 3486 rheumaticos,

215 3491 294 3549 ebres
326 3491 481 3567 pertinaces
513 3497 540 3549 et
566 3509 649 3550 omne
679 3492 816 3550 lentorum

201 3569 361 3626 morborum
381 3587 478 3644 genus.

164 3645 363 3714 weibaune,
384 3645 460 3704 rba.
479 3644 591 3721 abigere
608 3646 816 3705 contumeliose.

164 3720 244 3791 bain,
270 3742 311 3798 eg.
332 3722 581 3780 excommunicatio
602 3723 703 3780 summi
723 3722 816 3800 ponti·

201 3799 260 3856 licis
286 3799 392 3856 Romae.
423 3799 464 3856 Yn
490 3798 520 3854 di
545 3798 595 3856 bria
621 3799 727 3867 danen,
748 3799 816 3856 diris

202 3875 346 3933 devovere.
383 3876 444 3932 blv.
471 3876 533 3943 bon,
566 3876 630 3946 bun,
658 3895 684 3932 u.
706 3876 815 3950 jussum

201 3952 304 4011 summi
329 3951 455 4029 imperii,
479 3951 583 4009 mulcta
603 3971 653 4029 pro
675 3950 832 4011 contemtu'

197 4029 269 4104 jussi
288 4029 391 4088 summi
406 4027 548 4087 solvenda.
579 4028 609 4087 F.
617 4048 642 4087 0.
656 4029 722 4098 ten,
742 4029 815 4088 edic-

201 4112 276 4177 tum,
301 4108 424 4182 jussum:
470 4107 510 4181 Up
536 4107 595 4194 lysa
622 4107 673 4163 dara
700 4128 734 4163 uu
754 4105 815 4175 bod,

200 4184 315 4317 proprio
345 4192 436 4254 motu,
469 4182 593 4260 auspicio
624 4188 652 4240 ct
682 4158 832 4259 periculo.¹

223 4262 282 4319 risii
304 4261 505 4319 substituentes
524 4280 549 4316 m
569 4280 620 4337 pro
639 4260 668 4330 b,
691 4279 724 4335 op
744 4261 816 4336 eipen

199 4336 362 4396 murrnedoed.
402 4339 475 4398 Stiir.
498 4340 541 4393 10.

161 4414 284 4484 BANK,
316 4434 358 4489 eg.
391 4433 543 4474 scamnum.
592 4414 710 4473 Scamna
742 4413 815 4470 inter

200 4497 306 4548 veteres
327 4491 431 4549 fiebant
450 4512 464 4549 e
485 4491 622 4567 congestis
646 4489 813 4569 cespitilrus3

199 4566 274 4625 unde
307 4570 372 4642 Ags.
406 4569 485 4637 darre,
519 4569 537 4626 l.
567 4570 700 4627 tumulus.
749 4566 812 4623 nv.

199 4645 277 4713 denir,
310 4645 391 4714 bank,
425 4646 506 4713 brak,
537 4664 689 4703 scamnum.
738 4640 780 4698 W.
788 4661 812 4698 o.

199 4721 540 4795 remansurorum.
570 4721 631 4781 Jolr.
653 4725 717 4782 100.
741 4720 813 4796 Aug.

896 2653 922 2705 to
942 2649 1011 2704 tant
1030 2653 1056 2704 tc
1077 2649 1204 2718 korumrrr,
1246 2648 1273 2705 ui
1294 2653 1384 2706 mutat
1397 2648 1511 2706 domum

894 2725 996 2799 satagit
1023 2744 1132 2783 omnem
1159 2667 1362 2802 supebectilem
1387 2744 1438 2783 suo
1458 2726 1513 2782 dis·

894 2820 997 2878 ponere
1011 2801 1167 2859 loeo—In
1182 2801 1286 2878 templo
1300 2801 1434 2860 subsellia
1451 2801 1513 2860 diti-

834 2918 836 2935 .
894 2897 974 2934 orum
989 2885 1016 2934 et
1029 2884 1190 2953 magnatum
1204 2884 1270 2935 suut
1281 2878 1386 2947 clausa;
1401 2897 1513 2937 scaruua

894 2954 984 3030 plebis
1012 2962 1109 3011 contra
1129 2960 1231 3030 aperta.
1272 2954 1312 3011 Di
1323 2953 1431 3028 saintes
1450 2956 1513 3011 sitia

894 3049 926 3104 op
947 3029 976 3086 ru·
995 3029 1078 3099 daal,
1100 3030 1194 3087 famuli
1215 3029 1312 3087 sedent
1334 3031 1363 3086 iu
1383 3050 1511 3099 scamno,

892 3105 922 3162 di
952 3111 1077 3182 prptmun
1104 3107 1140 3163 ait
1165 3126 1201 3180 prr
1230 3104 1260 3162 ru·
1289 3106 1372 3175 bank,
1410 3115 1512 3183 praetor

893 3181 972 3239 sedet
993 3183 1023 3240 in
1043 3183 1175 3240 subsellio
1197 3183 1298 3240 clausu.
1336 3185 1375 3240 nr·
1395 3185 1512 3240 riuclrler

893 3259 929 3316 ait
952 3279 990 3335 yn
1016 3259 1046 3315 di
1071 3260 1241 3328 rirrclrtdank,
1265 3257 1352 3334 judex
1378 3260 1457 3318 sedet
1482 3261 1511 3318 in

893 3338 994 3413 (septo)
1025 3336 1170 3394 tribunale.
1196 3368 1235 3381 -
1262 3336 1432 3396 Subsellium
1460 3356 1511 3414 pro

892 3413 932 3470 cis
953 3413 1002 3489 qui
1015 3413 1148 3471 subsellio
1162 3413 1274 3483 sedent,
1295 3413 1325 3470 dr'
1337 3415 1508 3485 renarrant,

892 3496 986 3548 coetus
1002 3489 1142 3563 judicum,
1162 3491 1234 3566 Aug.
1254 3491 1347 3548 bared.
1369 3491 1452 3550 idem.

929 3566 1077 3625 Veteribus
1090 3586 1234 3626 scamnum
1249 3573 1307 3624 erat
1317 3567 1377 3626 loco
1391 3588 1508 3637 mensae,

890 3644 920 3701 in
941 3662 996 3720 quo
1017 3644 1146 3702 sedentes
1165 3643 1291 3702 varicatis
1305 3644 1423 3720 pedibus
1436 3647 1509 3703 frue-

891 3720 993 3778 bantur
1019 3721 1130 3779 ferculis
1156 3727 1220 3778 ante
1243 3740 1273 3778 se
1293 3721 1408 3798 positis,
1436 3740 1510 3779 coru·

890 3816 1004 3855 munem
1024 3797 1112 3872 igitur
1126 3796 1275 3855 babebant
1287 3797 1396 3867 sedem,
1416 3796 1465 3856 sed
1479 3798 1509 3854 in

890 3894 923 3932 ea
942 3893 1021 3932 suern
1042 3873 1121 3951 quasi
1135 3874 1254 3951 quisquc
1268 3891 1400 3931 mensam.
1432 3873 1510 3932 Taci-

890 3958 949 4022 tus,
970 3950 1063 4008 Germ.
1085 3953 1129 4009 22.
1160 3949 1295 4008 Consules
1316 3955 1344 4006 et
1360 3950 1509 4009 consiliarii

890 4028 967 4086 urbis
998 4027 1157 4085 Darentriae
1186 4026 1277 4084 adhuc
1304 4026 1386 4103 hujus
1414 4027 1509 4086 saeculi

890 4105 970 4163 initio
1004 4123 1068 4162 eum
1099 4122 1204 4162 morem
1236 4103 1420 4163 observabant
1450 4104 1509 4174 die,

893 4200 960 4315 quob
970 4181 1034 4238 novi
1049 4180 1213 4239 creabantur
1227 4181 1412 4258 magistratus.
1439 4180 1510 4239 Inde

894 4277 942 4317 ver
962 4277 1009 4315 um

853 4333 1000 4409 bankje,
1025 4333 1102 4392 rbn.
1129 4332 1281 4411 prandere,
1306 4340 1339 4392 ut
1365 4333 1425 4394 Gal.
1449 4335 1509 4390 barr-

907 4417 980 4469 ueter
1010 4430 1044 4468 ex
1077 4410 1189 4489 bouquet
1196 4457 1204 4481 ,
1237 4417 1265 4468 et
1293 4411 1345 4469 hoc
1374 4430 1408 4468 ex
1437 4411 1508 4468 barre.

889 4433 959 4548 limo
989 4487 1063 4546 enim
1094 4507 1146 4546 vox
1176 4507 1231 4545 una
1263 4507 1297 4547 ex
1325 4486 1422 4565 paucis
1452 4493 1508 4557 ost,

889 4583 953 4642 quae
980 4564 1014 4622 ab
1041 4563 1277 4642 expugnatoribus
1301 4563 1447 4621 Germanis
1467 4564 1509 4621 in·

888 4641 1018 4699 troducta
1038 4640 1066 4699 in
1088 4642 1217 4699 omnibns
1237 4639 1341 4698 usmis
1362 4640 1508 4698 Itomauti·

892 4717 932 4776 eis
952 4723 1086 4796 superest.
1125 4717 1258 4797 Hispani,
1279 4687 1347 4777 ltali
1366 4717 1457 4777 berec.
