3256 5310
156 169 192 225 us

390 315 583 378 Aruseium.

154 395 216 455 AF·
237 395 446 465 AEFI'SCIEN,
477 392 537 451 adv.
559 393 641 463 lieet,
670 393 811 470 quamnim

214 474 304 532 leuius
324 473 502 549 iestis-eciem
542 470 607 527 Hol.
629 471 759 543 manteau.

1113 317 1242 376 AFTER.

886 399 995 472 oportet
1015 395 1176 472 episcopum
1198 395 1300 454 habere
1313 415 1430 467 navem,
1450 417 1506 477 qua

829 510 831 515 ν
888 473 1002 530 vehatur
1028 491 1077 547 per
1104 492 1186 530 auum
1215 473 1385 531 territorium
1415 479 1505 548 (suam

156 554 181 611 A
206 551 270 619 Tu,
303 551 366 608 lla.
385 554 461 626 este,
495 549 549 621 est,
576 553 655 624 post,
682 568 697 604 a
726 531 832 621 tergo.l
887 549 1063 626 paroeciam).
1082 552 1198 616 trull.
1214 549 1385 607 Nederlaudi
1397 552 1505 628 antiqui

194 628 312 703 (li-esta)
338 630 405 703 Age.
426 627 540 700 breslau,
592 642 662 693 one,
684 630 754 699 post.
774 656 812 668 —

194 705 256 762 uv.
277 705 398 780 adesim·
436 704 493 761 leva
519 701 550 755 Iri
584 719 612 756 er
639 702 744 775 ulpia,
772 720 812 758 re·

193 783 320 858 linquere
341 781 444 839 liberos
466 781 700 855 (postmortem).
728 777 810 835 Hand

192 858 272 917 aliter
304 856 354 915 Nl.
388 877 422 915 ex
457 858 523 911 As.
558 854 680 928 heusen,
714 855 812 928 bufan,

192 936 313 994 formant
333 934 424 1002 bever,
444 952 458 990 s
515 929 600 1005 Angli
619 932 721 999 above,
748 929 811 987 nv.

192 1013 324 1086 a-buppo,
355 1009 385 1067 F.
415 1011 504 1084 loppa
534 1039 573 1050 -
602 1007 633 1064 F.
641 1027 666 1065 v.
693 1008 811 1075 o-binrre,

193 1091 259 1163 Age.
285 1086 397 1155 binnan,
425 1086 574 1158 (te-ianoe)
602 1083 632 1141 F.
653 1084 753 1140 dienen.
773 1117 811 1128 —

194 1168 260 1240 Aga.
291 1164 373 1220 batua
393 1182 427 1221 ex
446 1164 566 1228 beenan,
592 1160 621 1217 F.
643 1160 734 1229 aerea,
761 1161 810 1218 sed

193 1241 259 1300 Ra.
280 1240 386 1309 odam,
407 1241 474 1315 Aga.
494 1238 591 1294 edent.

154 1317 294 1386 AFTER,
320 1314 381 1391 affl,
408 1320 458 1390 ‹es-
478 1320 506 1372 et
525 1316 607 1386 efter,
629 1313 809 1447 §promiscum

213 1412 278 1470 rnep.
309 1400 387 1468 post;
417 1391 585 1458 seeundum,
613 1410 628 1446 a
676 1409 810 1449 normam.

192 1417 255 1529 lv.
275 1472 361 1544 after,
392 1475 420 1526 et
447 1468 601 1544 plurimum
624 1469 702 1540 ester.
744 1469 809 1542 Aga.

191 1550 283 1623 aster,
304 1554 376 1627 Aug,
397 1549 470 1621 oster
489 1546 589 1618 (efter).

230 1626 309 1697 Post,
338 1622 483 1699 temporis,
513 1620 576 1676 nv.
605 1623 675 1694 efter
691 1622 736 1676 tte
766 1640 810 1677 aea

191 1702 301 1772 wilram,
327 1704 359 1760 Il.
379 1704 448 1776 ester
468 1697 496 1752 di
516 1697 595 1753 aceolo
618 1698 715 1764 wikere,
748 1703 811 1773 post

191 1797 240 1836 sex
265 1776 469 1842 hebdomades,
500 1772 564 1830 ub.
594 1773 621 1828 E
634 1777 674 1828 ter
699 1775 811 1831 hirrurert

888 646 904 683 a
917 624 1014 683 Frisiis
1031 626 1150 683 mutuati
1163 630 1229 683 siant
1242 625 1356 701 phrasin
1370 626 1462 686 ubivis
1476 627 1507 686 in

888 703 952 760 unt.
968 701 1079 777 seriptis
1093 702 1215 769 obviam,
1229 704 1319 759 aelater
1329 703 1408 760 lande
1417 705 1505 781 tepea,

888 800 938 855 per
959 797 1070 835 omnem
1091 779 1232 852 regionem
1253 780 1355 838 varari.

924 855 1006 913 Frisii
1023 866 1051 913 et
1063 857 1273 931 ilrrglosaxones
1285 829 1425 915 declinarit
1436 878 1507 934 prae-

886 933 1056 1008 positionem
1083 936 1154 1006 ester
1180 933 1215 989 ed
1242 933 1330 989 instar
1356 933 1502 1006 adjectivi,

886 1009 935 1066 sed
963 1009 1005 1066 lais
1025 1010 1103 1067 deest
1124 1009 1329 1085 superlativus,
1356 1011 1412 1068 illis
1433 1031 1507 1069 eom·

885 1086 1034 1162 parativus.
1074 1085 1104 1142 F.
1114 1104 1137 1142 v.
1157 1089 1241 1159 φύν,
1268 1087 1372 1161 superl.
1397 1091 1507 1161 estro-rt,

886 1168 1060 1238 postremus;
1091 1163 1121 1220 F.
1148 1167 1232 1236 ester,
1261 1162 1364 1239 superl.
1391 1167 1506 1238 esterete.

885 1241 951 1313 Age.
965 1244 1057 1314 oester,
1074 1259 1163 1314 comp.
1177 1242 1287 1313 cestern3
1303 1239 1506 1316 superlativum

886 1316 1005 1373 formant
1029 1335 1084 1374 non
1107 1335 1156 1392 per
1173 1320 1236 1385 ost,
1257 1315 1301 1374 vel
1315 1323 1379 1384 -eet,
1400 1318 1444 1375 rel
1457 1322 1507 1387 -at,

886 1396 1024 1467 (reflerent)
1037 1392 1085 1450 sed
1117 1412 1146 1450 er
1158 1398 1240 1460 -rueet,
1250 1396 1400 1467 aeslerareet,
1411 1394 1505 1466 (Goth.

884 1471 1041 1543 aftumista).
1071 1413 1150 1526 ldlenr
1171 1469 1278 1525 obtinet
1291 1470 1319 1526 in
1333 1469 1389 1539 aid,
1410 1490 1505 1539 serus,

884 1546 976 1603 sitient
995 1553 1023 1603 et
1036 1547 1169 1613 sitirem&
1190 1545 1275 1613 mitid,
1297 1546 1418 1615 medius,
1438 1547 1506 1604 orid-

884 1629 955 1680 meet.
976 1656 1014 1666 -
1034 1625 1156 1696 Asterate
1175 1623 1256 1690 aileu,
1278 1623 1382 1681 sunaalia
1403 1623 1506 1700 quibus

884 1705 1003 1776 quatuor
1018 1717 1155 1775 equorum
1170 1698 1228 1754 bini
1243 1700 1376 1774 postremi
1392 1700 1507 1758 trahunt

884 1782 1014 1833 aratrum.
1028 1809 1067 1819 -
1081 1776 1183 1832 Confer
1196 1776 1258 1832 Lat.
1273 1781 1352 1848 pest,·
1370 1782 1506 1850 parterm,

193 1855 219 1911 ἰν
245 1876 295 1913 nan
321 1856 357 1913 da
382 1873 432 1912 neu
458 1848 573 1907 looervle
617 1847 675 1917 uid,
707 1850 736 1906 F.
759 1851 811 1908 Nei
881 1853 1027 1926 posterior,
1044 1858 1201 1928 postremae

190 1932 373 2008 landetjier
393 1931 468 1987 binae
488 1926 517 1983 di
536 1945 588 1982 aon
607 1926 717 1998 libjeude
729 1926 810 1995 deod,
846 1931 998 1997 aflerat,
1032 1931 1185 1997 efterst,
1219 1949 1245 1985 n.
1275 1949 1338 2005 pars
1364 1929 1507 2004 posterior

191 2015 303 2067 eentum
323 2013 388 2086 post
403 2023 490 2064 anuos
509 2021 583 2060 nune
599 2002 723 2059 viventes
737 2022 809 2060 mor·
886 2006 985 2062 tunium
1001 2005 1145 2062 muliebria
1158 2005 1505 2081 manicatae.-Itefleret,

192 2085 232 2141 tui
260 2091 333 2144 eunt.
360 2117 400 2130 -
425 2080 490 2139 ub.
516 2079 585 2154 ister
610 2078 809 2148 mod-eorunm,
883 2083 951 2139 hora
975 2088 1123 2159 postrema.
1164 2082 1246 2138 Loile
1265 2083 1409 2154 irjimraer
1425 2104 1463 2159 yn
1483 2084 1507 2140 it

192 2161 264 2237 Aug.
292 2165 366 2238 aster
392 2157 585 2224 mid-summer,
616 2155 646 2213 F.
672 2157 715 2213 aei
744 2156 809 2212 mid·
883 2162 991 2232 astaret,
1012 2159 1094 2216 homo
1119 2158 1197 2234 piger
1217 2178 1327 2233 semper
1344 2159 1417 2217 iuter
1431 2166 1506 2234 post

189 2238 302 2298 sirrrmer.
322 2237 411 2297 Bend
432 2234 496 2293 ³74.
516 2235 587 2307 Aug.
609 2232 731 2308 Dryrleu.
884 2254 973 2291 remos
993 2242 1043 2291 est.
1082 2237 1122 2292 Fa
1141 2234 1165 2291 ir
1184 2238 1277 2307 cester,
1300 2234 1382 2292 idem.
1421 2237 1462 2292 Hi
1482 2236 1507 2294 ia

194 2315 272 2372 Good
288 2320 362 2391 oster
381 2314 414 2370 ill
432 2310 487 2369 aad
505 2313 579 2383 nster·
593 2309 662 2383 pain
683 2308 782 2385 deripit
826 2314 829 2429 p
882 2313 966 2378 elenu,
1002 2313 1036 2387 lap
1069 2313 1093 2367 ia
1117 2330 1146 2367 er
1166 2314 1257 2384 cester,
1292 2312 1505 2371 cunctabundus

190 2392 337 2462 Alternote,
352 2385 829 2462 liketlieeeeaeaosdoyandaiplrt.‚
883 2388 1022 2445 fortunam
1055 2387 1206 2445 seeundum
1242 2387 1372 2463 perdidit.
1405 2420 1445 2434 ·-
1477 2392 1506 2447 It

191 2465 221 2524 F.
237 2470 277 2543 Op
288 2470 331 2526 iera
340 2471 418 2541 ester,
428 2483 465 2522 sc.
476 2463 523 2531 tul,
534 2464 604 2534 Aug.
614 2463 643 2518 in
653 2464 829 2603 aster·times.p
882 2468 989 2538 esteroi,
1022 2464 1181 2521 secundinae
1213 2483 1315 2532 vaceae,
1349 2484 1413 2542 qnoe
1442 2471 1506 2540 port

230 2544 309 2614 Post,
329 2544 397 2612 loei,
411 2543 441 2599 F.
455 2541 510 2596 seir
526 2541 548 2595 is
562 2542 631 2612 efter
643 2540 705 2607 lua,
718 2542 809 2615 (pater
884 2546 995 2617 partum
1012 2547 1182 2616 acquantum
1201 2540 1293 2617 liquor
1310 2541 1435 2610 amilius,
1456 2542 1505 2620 qui

190 2626 232 2678 est
264 2622 294 2679 iu
328 2640 391 2678 area
425 2621 488 2693 post
519 2615 645 2688 domum)
678 2614 730 2672 sub
761 2606 828 2729 dial
882 2623 994 2693 partum
1023 2616 1133 2685 erte-it,
1162 2617 1263 2673 dicitur
1293 2619 1315 2673 it
1336 2617 1439 2691 staret.
1479 2621 1508 2677 It

189 2702 254 2773 post
268 2698 392 2756 domum.
416 2691 713 2771 Mpaatallreiaefter,
730 2710 808 2749 meus
875 2698 970 2769 sonrat
998 2694 1055 2750 rint
1082 2693 1130 2768 ris,
1156 2693 1248 2769 liquor
1276 2694 1384 2752 amarius
1410 2695 1506 2753 effluit

189 2775 295 2834 amicus
320 2775 351 2832 in
377 2770 468 2831 stadio
494 2766 602 2844 glaciali
626 2734 828 2853 antecediturl
883 2771 915 2828 ef.
943 2772 1014 2828 Foor
1041 2777 1112 2827 ante.
1151 2770 1304 2846 Analogiee
1329 2771 1429 2829 Latine
1445 2773 1508 2846 pin

189 2852 270 2925 Ester
308 2849 430 2918 ἔθη-σάν,
474 2846 543 2902 alter
581 2850 645 2920 post
681 2846 827 2951 alterump
882 2852 956 2904 centu
992 2846 1070 2904 eradit
1108 2845 1239 2915 iacienda,
1278 2846 1343 2923 quia
1379 2848 1506 2924 sequitur

190 2928 244 2986 Fen
262 2931 378 3003 estem,
397 2946 414 2982 a
431 2928 516 2997 tergo.
547 2921 738 2987 IIalrler'imrae
753 2923 807 2978 Irim
882 2930 1000 2999 partum.
1026 2956 1065 2967 -
1093 2923 1259 2997 Este-lirim,
1290 2927 1448 2997 ester-hem,
1477 2924 1507 2982 di

187 3005 261 3062 aiom
289 3007 346 3079 sen
371 3004 472 3075 sorren
500 2997 572 3070 baja
600 2998 654 3053 lim
681 2999 730 3054 eale
754 2960 827 3075 seul
880 3002 982 3057 lemme
993 3003 1047 3074 sea
1060 2999 1090 3056 di
1103 3001 1212 3066 mertia,
1234 2999 1373 3057 secundae
1387 3001 1504 3077 equinae.

189 3084 314 3155 restarem,
331 3080 371 3136 M.
382 3078 408 3134 S.
421 3073 564 3149 (vidistine
578 3073 717 3131 hominem
730 3083 805 3144 ante,
824 3078 826 3131 ἐ
843 3076 1054 3144 ariter-bel,
1079 3076 1140 3133 adr.
1161 3080 1237 3152 (post
1261 3080 1382 3152 tergum)
1403 3083 1506 3135 retror-

187 3157 314 3217 exemiuu
333 3174 398 3213 eum
418 3170 531 3230 quoque
556 3170 572 3206 a
593 3154 683 3226 tergo)
701 3151 806 3208 nemini
824 3138 826 3217 l
882 3173 958 3222 sum,
980 3161 1066 3211 retr0.

189 3234 269 3292 iaeile
298 3230 457 3298 fidendum,
487 3227 539 3285 nisi
570 3246 633 3284 eum
665 3228 743 3303 prius
772 3227 806 3284 ub
843 3233 1021 3306 atter-yn,
1050 3229 1112 3287 adv.
1144 3229 1220 3306 quod
1252 3249 1324 3305 pone
1356 3230 1432 3288 iulus
1463 3235 1505 3288 est

189 3310 266 3368 omni
291 3313 371 3386 parte
401 3304 570 3364 lustraveris.
614 3304 710 3361 Gaiae
735 3303 807 3362 earo
883 3310 935 3379 (ex.
957 3327 996 3381 gr.
1016 3307 1045 3362 iu
1067 3325 1165 3374 curru,
1186 3305 1311 3381 navigio,
1331 3311 1404 3379 emt.)

185 3391 266 3462 prote
277 3390 331 3461 fea
350 3387 526 3461 castorem-
550 3381 626 3455 lister
650 3400 734 3450 orem,
758 3381 806 3438 ilia
919 3384 1093 3459 After-prule,
1120 3383 1174 3457 adj.
1202 3386 1365 3458 after-praee
1389 3385 1502 3459 hyram,

188 3463 300 3522 ducens.
326 3493 366 3507 -
387 3462 425 3519 Di
447 3459 570 3516 mitaneas
593 3457 615 3513 ia
639 3476 668 3513 er
696 3463 744 3514 nait
767 3461 826 3531 cf.
882 3465 1002 3536 qumaor
1046 3478 1181 3535 equorum
1221 3460 1418 3526 oratoriorum,
1473 3460 1501 3518 ui

189 3546 243 3608 ter,
263 3541 367 3599 sciolus
388 3556 448 3597 rem
467 3555 524 3594 non
543 3534 654 3611 penitus
675 3535 805 3592 resciscit.
824 3531 826 3651 p
881 3537 952 3592 inter
976 3535 1055 3592 binos
1078 3536 1247 3612 posteriores
1274 3556 1290 3592 a
1317 3537 1387 3593 laevo
1414 3537 1437 3593 it
1453 3481 1502 3593 la·

226 3616 401 3681 Secundum,
421 3614 451 3672 F.
461 3632 485 3672 v.
506 3614 553 3670 tlra
572 3612 638 3668 leve
656 3609 717 3668 (hta
736 3614 826 3686 efter,
883 3620 953 3670 tere.

187 3695 235 3752 ura
252 3694 310 3761 Irni,
331 3688 473 3766 dispartiri
488 3690 562 3744 bona
577 3688 731 3745 seeundum
744 3707 806 3763 gra·
843 3690 874 3745 el
885 3688 1036 3757 ter-nei,
1057 3689 1117 3746 adv.
1136 3695 1210 3766 post,
1232 3693 1297 3765 post
1310 3688 1375 3758 hae,
1396 3693 1502 3764 postea.

187 3771 240 3828 dns
269 3786 372 3826 oonsan
394 3764 527 3822 uinitatis.
559 3762 624 3821 Rb.
651 3764 735 3837 ester,
765 3783 806 3822 se·
881 3766 927 3824 Nl.
952 3764 1113 3823 aederlraad.
1152 3766 1207 3824 Kil.
1234 3767 1326 3823 notter
1352 3785 1415 3834 aaa,
1443 3773 1503 3823 tan·

187 3845 319 3905 eundum.
364 3787 432 3901 Fb.
453 3842 487 3898 lle
510 3840 586 3896 roem
610 3859 650 3896 rae
671 3838 741 3914 e'ster
760 3840 805 3908 de,
881 3841 954 3901 dem.

54 3979 66 3988 ,,
187 3924 217 3982 F.
237 3924 271 3981 le
296 3920 410 3992 atalae
435 3917 472 3974 ori
495 3915 538 3973 aei
562 3914 605 3982 di,
632 3921 660 3972 te
680 3935 805 3974 normam
841 3919 1030 3987 efter-oet,
1060 3918 1121 3978 adv.
1151 3922 1291 3996 separate,
1323 3939 1338 3974 e
1369 3919 1430 3976 visu
1457 3938 1501 3977 re·

152 4047 163 4057 ..
186 3999 439 4148 {gendidssepqtrrorm
452 3992 520 4125 ΕΒί
534 3989 805 4141 ξςὶινθῧᾱεῦοαῇθξ
879 3999 993 4053 motum.
1017 3997 1086 4083 ‘We'
1103 3999 1193 4130 biperrje
1220 3998 1363 4127 estepanis,
1395 3994 1500 4053 habita·

252 4117 268 4130 ..
464 4089 487 4127 ar
667 4113 674 4135 ‚
725 4112 731 4124 .
781 4089 805 4126 er
879 4091 940 4128 mus
961 4092 977 4129 a
998 4090 1042 4129 vra
1084 4092 1100 4129 u
1133 4093 1175 4130 rea
1195 4091 1271 4129 remo
1285 4092 1302 4129 1.

183 4092 266 4221 addila
284 4150 373 4216 molle,
394 4147 504 4203 volente
525 4144 585 4200 deo.
616 4145 688 4217 Aug.
708 4150 735 4198 A
751 4149 804 4200 ata·
917 4091 1103 4223 nster-ousia
1116 4149 1169 4224 adj.
1180 4148 1324 4218 remotior;
1338 4151 1500 4224 aesteroasaee

186 4229 283 4280 mmor
310 4224 383 4280 takes
404 4226 527 4298 praalum
557 4223 592 4295 qs
607 4218 740 4294 simeona
759 4226 804 4277 aot
877 4224 932 4292 liu’,
963 4223 1117 4294 auditores,
1154 4227 1202 4302 qui
1232 4226 1260 4282 iu
1288 4227 1423 4284 ooneione
1449 4246 1499 4303 pu·

185 4297 327 4373 uecordiap
346 4303 373 4354 te
392 4299 454 4354 balle
473 4295 529 4354 aad
543 4315 682 4372 errrrenep,
702 4296 747 4353 but
759 4300 802 4370 as·
878 4298 949 4354 bliea
969 4301 1003 4358 ab
1024 4306 1133 4359 oratore
1153 4302 1315 4360 remotiores
1336 4302 1441 4361 sedent.

185 4376 225 4428 ter
244 4373 313 4427 matr
331 4373 474 4431 iatrimiek
493 4375 575 4431 valae.
616 4372 703 4431 Beurl.
726 4373 790 4432 374.
819 4376 1035 4437 .aster·oan.
1058 4377 1118 4436 aalv.
1140 4386 1295 4454 postremo,
1316 4379 1430 4449 ultimo,
1451 4399 1498 4455 ag-

223 4445 342 4513 Versus,
367 4451 419 4511 uda
442 4449 497 4498 RB
530 4450 607 4528 Uter
635 4453 689 4506 mat
719 4450 799 4524 liupo,
876 4470 939 4508 men
961 4451 1101 4508 claudens.

185 4521 216 4583 F.
237 4521 289 4579 Na·
307 4523 378 4578 boat
396 4518 528 4605 lonqerje.
544 4516 651 4574 iuhiare
674 4525 719 4574 τοὶ·
837 4529 1013 4601 aster-op,
1038 4527 1098 4583 adv.
1120 4532 1195 4604 quod
1215 4550 1287 4604 poue
1309 4544 1359 4589 est.
1400 4534 1442 4590 Hi
1462 4535 1499 4590 air

224 4597 296 4666 Per;
313 4596 344 4656 F.
353 4617 377 4655 v.
397 4597 451 4656 nen
471 4595 545 4668 ardrp
559 4598 601 4651 coe
612 4593 721 4664 labier,
740 4591 802 4652 deor
875 4605 1003 4676 ester-op,
1040 4623 1111 4677 poue
1149 4605 1227 4662 sedet
1264 4604 1363 4681 (equo,
1399 4608 1496 4678 dorso,

182 4676 217 4751 hy
246 4677 329 4748 aefter
357 4691 419 4752 ayne
445 4690 496 4749 pue
524 4689 597 4748 mope
621 4670 693 4728 aede
711 4674 799 4747 feru,
874 4674 903 4730 in
923 4677 1065 4749 vehiculu,
1086 4684 1158 4752 eat.)

117 4940 245 4976 ᾖ
