3256 5310
130 212 188 277 4ss

398 361 528 422 Durus.

172 445 221 520 dep
244 441 349 519 siquis
369 459 448 499 suam
468 438 627 498 mandatam
642 437 715 498 viam
728 457 795 498 cnra

172 538 301 598 reparare
320 517 392 577 nolit
410 536 528 596 eamque
544 515 722 576 volutabrum
735 515 795 574 lieri

172 597 246 657 sinit
290 597 386 654 Sermo
419 600 461 654 est
495 593 530 653 de
560 594 612 652 viis
641 593 794 670 argillosis,

171 694 235 752 qnae
261 672 365 750 pluviis
391 677 420 730 et
446 671 574 731 curribus
599 671 629 729 in
648 671 796 729 volutabra

172 756 336 820 vertuntur,
367 749 422 808 nisi
448 748 580 808 continuo
607 755 636 806 et
663 747 795 806 sedulos

174 827 273 886 vicinis
303 827 491 916 applauautur
518 825 614 884 rastris
640 824 795 883 secundum

1434 203 1496 269 m

1049 358 1270 420 DROCHTEN.

868 438 1051 516 reliquerunt.
1080 437 1186 497 Frisice
1211 436 1285 496 enim
1311 454 1424 515 quoqne
1451 436 1498 496 di·

868 525 972 575 cuntur
1001 515 1187 574 decentum.
1218 513 1347 584 Phrasis,
1376 515 1437 572 Mei
1463 535 1497 573 rra

868 592 977 670 domeny
1000 593 1077 652 binae
1099 613 1140 669 aoy
1158 590 1318 660 driaco-lde,
1346 590 1434 667 (quod
1454 597 1496 650 at·

869 669 941 729 tinet
961 669 1135 730 sacerdotem
1155 675 1282 728 nostrum
1301 686 1400 726 snmus
1419 674 1496 727 terra

870 752 985 818 natans,
1004 747 1022 805 i.
1037 750 1072 822 e.)
1093 746 1222 806 sacerdos
1243 751 1337 803 noster
1356 742 1425 803 alibi
1445 763 1497 803 vo·

870 831 950 882 catus
970 829 1025 895 est,
1045 842 1233 884 successorem
1247 820 1373 880 nondum
1393 820 1496 881 subro-

172 905 248 982 leges
276 923 412 993 agrantes,
438 903 555 961 densere
581 920 644 980 wey.
677 901 709 961 F.
717 921 741 961 v.
768 901 798 959 ds·
871 901 1005 991 pavimus.

171 1000 226 1072 saep
251 985 357 1071 carten,
385 980 458 1039 viam
478 998 623 1058 reparare,
649 978 680 1038 F.
700 979 730 1036 di
748 978 798 1036 roei
833 974 1068 1068 drauva-poele,
1088 997 1129 1054 cg.
1144 996 1241 1055 cespes
1252 976 1360 1053 juncis,
1380 975 1495 1052 scirpis,

171 1063 275 1128 matre,
296 1057 387 1128 rdem,
407 1056 455 1116 Nl.
474 1057 524 1116 des
541 1075 594 1132 reep
606 1058 714 1124 neodem
734 1074 797 1114 ner·
871 1074 995 1131 momine
1022 1054 1144 1125 obsitus,
1173 1054 1224 1132 qni
1250 1063 1335 1113 vento
1362 1058 1390 1111 et
1409 1052 1495 1112 undis

173 1137 222 1194 ken
251 1135 304 1193 boc
334 1152 417 1193 sensu
447 1152 504 1192 uon
523 1134 647 1192 solemus
667 1139 718 1194 est.
748 1132 797 1191 Nl.
871 1133 968 1210 aripa
988 1138 1090 1210 ruptus
1109 1136 1195 1191 natat.
1220 1129 1268 1190 Nl.
1288 1130 1423 1266 dnffl'

171 1213 286 1282 verder,
313 1209 438 1288 operari;
465 1211 497 1269 F.
518 1209 721 1282 babentseirk,
747 1208 797 1268 sed
833 1205 1122 1280 oriae-thillen,
1145 1208 1279 1285 ellypcice
1293 1208 1333 1266 td‘
1391 1207 1495 1285 ,quasi

171 1308 227 1347 non
253 1289 358 1363 wirije,
385 1286 463 1364 quod
482 1286 712 1346 Hollandismum
732 1287 797 1346 olet.
870 1284 947 1345 dicas
971 1285 1096 1345 tabulata
1119 1285 1252 1344 natantia.
1281 1286 1349 1361 Aga.
1370 1284 1433 1355 rea,
1453 1288 1497 1342 ta·

171 1365 351 1443 Ang.North.
366 1364 462 1443 ἄνθη»,
481 1363 536 1423 dirt
561 1364 706 1442 ,muddy;
726 1364 797 1424 Dev.
871 1361 1007 1422 balatum.
1040 1362 1112 1422 Fere
1136 1380 1289 1439 synonyma
1314 1367 1381 1420 sunt
1404 1380 1495 1437 scarp,

170 1442 306 1501 drercsenr.
339 1445 412 1518 Aug.
436 1384 556 1517 (drewsi
573 1440 666 1519 ἄκρη
693 1443 796 1518 daga.
871 1440 909 1517 pl.
922 1459 1034 1515 sompes.
1064 1439 1290 1515 Aanmerlringeu
1304 1458 1341 1516 op
1355 1437 1391 1496 de
1404 1437 1497 1497 Veeu·

173 1520 272 1596 dn'jts,
294 1520 384 1596 dregs.
870 1535 954 1593 grave
971 1518 1024 1576 “en
1044 1517 1112 1576 door
1125 1517 1159 1575 E.
1172 1515 1361 1575 Menaenides.
1380 1514 1495 1574 Lceuw.
1521 1552 1523 1556 -

135 1596 288 1689 dripere,
308 1595 347 1674 pl.
358 1595 486 1686 filim
505 1595 550 1654 vel
569 1594 718 1684 drjersreerr,
738 1612 796 1683 ces-
872 1593 954 1684 lldss.
994 1594 1011 1652 1.
1034 1596 1078 1653 14.

172 1681 370 1840 ffidqili
388 1677 530 1837 dudd
549 1671 797 1807 illidii&
833 1667 1496 1824 ‘¹'tltat“tltrst·rll⁰llttt?¹¹,d⁰ttff

172 1826 239 1884 vnde
259 1826 400 1884 fluitantes
420 1844 450 1883 m
470 1825 560 1904 aquis.
870 1823 955 1883 minis
974 1824 1087 1927 pondus
1101 1823 1175 1883 haud
1188 1824 1321 1885 sustinet:
1341 1825 1371 1882 s'lr
1385 1829 1497 1899 trceppe

135 1902 308 1973 driuwer,
329 1902 527 1977 drjonwer,
548 1921 590 1978 cg.
604 1901 677 1979 prati
690 1905 797 1979 partes,
871 1902 961 1960 thread
983 1901 1298 1962 sdrieunrcansedisne.
1310 1901 1495 1970 labbeanam,

174 1999 239 2057 quar
264 1980 344 2038 firma
370 1984 446 2038 terra
471 1979 629 2038 substracta
668 1979 729 2037 ussi
748 1997 796 2036 na·
871 1978 982 2050 scrobs,
1002 1978 1155 2039 declivitas.

173 2062 234 2116 tant
259 2056 288 2115 in
308 2075 382 2192 apua
402 2061 431 2115 et
449 2056 503 2116 sub
522 2056 595 2134 pede
614 2075 659 2115 am
679 2054 797 2115 uiatoris
833 2054 1074 2192 &midila
1087 2056 1140 2132 adj.
1167 2055 1336 2191 palndcpps,
1362 2072 1495 2145 aquosus.

134 2152 451 2282 kbsriiribisdiiuuer,
476 2230 517 2288 eg.
537 2211 588 2289 qui
607 2211 665 2288 agit
685 2228 795 2280 vaccas,
871 2150 1352 2287 pedibirdceuntiirnigilesrbiubtm’
1378 2150 1428 2209 qm
1448 2150 1496 2190 m

173 2287 320 2347 bubulcus.
833 2287 944 2363 drije,
968 2287 999 2346 F.
1007 2288 1034 2348 b.
1058 2288 1158 2346 llorere
1181 2294 1214 2347 ut
1234 2304 1383 2366 praegnans
1402 2285 1495 2344 secale

135 2364 304 2435 drinvrel,
338 2385 380 2442 cg.
410 2365 484 2423 idem
514 2365 592 2443 quod
621 2363 796 2455 driuscpoale,
871 2364 915 2422 vel
945 2365 1077 2424 triticum.
1107 2365 1227 2425 Outzen.
1272 2364 1363 2423 Causa
1392 2366 1435 2421 est
1464 2361 1495 2420 in

173 2461 265 2500 massa
293 2446 404 2501 terrena
428 2443 523 2518 juncis
554 2447 581 2500 et
610 2441 796 2501 arundinibus
870 2441 1010 2519 pellendi,
1040 2441 1199 2520 expellendi
1219 2445 1248 2500 et
1266 2438 1427 2532 pullulandi
1446 2457 1496 2497 uo·

174 2518 264 2577 obsita
291 2525 373 2578 vento
399 2538 416 2577 a
442 2519 504 2597 ripa
531 2518 604 2597 prati
630 2518 749 2596 abmpta
768 2526 797 2577 et
871 2519 956 2577 tione.
985 2521 1085 2579 Samo.
1102 2517 1140 2576 dd
1152 2518 1317 2594 ddmedn'vt
1330 2515 1412 2595 pced,
1433 2515 1496 2574 istae

174 2603 274 2654 natans
293 2614 345 2674 per
365 2615 460 2673 aquas.
490 2596 592 2654 Forma
611 2595 686 2654 vocis
700 2595 797 2654 eadem
870 2594 984 2655 arborea
1014 2596 1067 2654 rite
1096 2601 1238 2667 crescunt,
1267 2595 1297 2654 in
1326 2595 1414 2653 altum
1434 2611 1497 2651 sur·

174 2679 217 2731 est
239 2672 269 2731 iu
294 2675 365 2749 Arg.
390 2673 489 2745 driusi,
516 2671 681 2748 (effluvinm)
702 2672 796 2731 saliva.
871 2676 951 2750 gunt.
981 2671 1134 2731 Ditbmarsi
1148 2673 1269 2744 drienen,
1289 2673 1375 2731 fluere
1389 2674 1423 2728 nt
1435 2688 1497 2728 mn·

174 2749 221 2809 Sic
252 2768 285 2809 ex
315 2751 421 2822 triane,
455 2769 601 2828 premere,
634 2749 739 2808 triremi
767 2750 797 2808 iu
871 2769 920 2809 cus
952 2749 1080 2828 liquidus
1113 2769 1128 2807 e
1161 2749 1292 2820 naribus;
1329 2749 1496 2824 driessarmt,

175 2827 375 2902 tricaret-tastis,
410 2847 506 2887 caseus
541 2827 603 2887 vilis
639 2833 668 2885 et
703 2826 797 2886 mollis
871 2827 928 2885 Hd.
949 2834 1092 2887 rabsace:
1115 2829 1186 2903 ling.
1206 2833 1233 2887 to
1253 2826 1355 2895 drieel,
1379 2825 1495 2884 salivam

176 2903 276 2962 cedens
296 2904 394 2982 pollici
413 2905 564 2981 prementi;
586 2923 620 2962 er
639 2903 728 2978 dalrje,
754 2905 796 2963 in·
872 2904 1006 2964 emittere.
1035 2904 1123 2964 Notio
1150 2904 1269 2963 florendi
1289 2904 1410 2962 cohaeret
1430 2920 1496 2960 cum

174 2980 290 3071 clinare,
309 2982 344 3080 fit
360 2981 521 3051 dulcedinis,
541 2981 636 3070 cervirr
652 2998 750 3057 prona.
872 2981 958 3040 altera
985 2981 1102 3051 fluendi,
1132 2980 1289 3041 emanandi.
1319 2980 1422 3069 Confer
1447 2978 1496 3038 Isl.

136 3056 648 3222 ‘¹‘filtlldulrdftldtdd
662 3058 799 3212 dttttr
871 3059 1002 3193 aare
1017 3057 1497 3211 cztrttrnfurndrr

175 3211 207 3269 ol
223 3210 302 3267 lossrl
318 3211 449 3269 seashells
469 3211 557 3269 found
578 3209 607 3268 in
620 3210 668 3269 the
681 3211 798 3269 Eastem
834 3208 1023 3283 Duorcru,
1044 3211 1124 3271 vb.u.
1138 3218 1167 3270 et
1180 3230 1204 3272 a
1217 3212 1364 3282 somniari,
1381 3209 1411 3269 in
1425 3228 1497 3268 som·

176 3287 308 3376 enunties.
338 3286 439 3347 Planta
462 3288 602 3347 stratiotes
625 3285 732 3347 alcides
756 3287 798 3362 (F.
871 3289 918 3348 nio
939 3309 1081 3380 apparere.
1119 3291 1224 3365 dags.
1244 3290 1365 3359 dreccde,
1391 3286 1497 3354 drcicds

176 3365 313 3455 ieLstpded)⁸
333 3363 458 3424 luxuriat
476 3365 506 3424 iu
526 3364 589 3423 miti
604 3371 703 3454 stagno
716 3383 798 3442 aquoe
871 3367 1020 3437 somniari,
1040 3365 1157 3425 somniis
1170 3367 1284 3426 turbari.
1310 3366 1498 3441 Dijrrrrpfcem

175 3442 344 3578 plppratplrp,
364 3461 449 3578 qupm
469 3441 693 3579 tatpdamtasprsso
712 3449 799 3533 strato
871 3443 981 3533 drccpet
999 3445 1042 3503 ira
1059 3464 1131 3534 pncp
1150 3443 1200 3579 ipd
1216 3445 1268 3520 rask
1286 3463 1360 3513 man,
1382 3447 1498 3576 (patum

176 3538 402 3655 latrant?
455 3538 800 3675 'redintegrat
873 3524 1499 3668 titubat?effluentia

175 3673 285 3732 adsunt.
341 3675 508 3733 Formantur
548 3679 576 3733 et
615 3674 670 3733 alio
706 3673 798 3732 modo.
871 3678 943 3735 treet
961 3678 1007 3751 dja
1027 3677 1120 3734 neree
1138 3675 1187 3732 dre
1229 3681 1261 3746 'e,
1288 3675 1400 3747 krvanjs
1418 3674 1498 3743 noch,

175 3751 253 3808 luter
276 3748 384 3810 fodinas
411 3757 491 3810 terrae
516 3750 645 3811 causticae
669 3770 685 3809 e
710 3749 798 3809 fundo
872 3752 987 3823 divites,
1000 3753 1050 3831 qui
1064 3751 1109 3810 die
1123 3752 1199 3811 ieron
1212 3772 1243 3810 os
1262 3750 1414 3811 comedunt
1427 3767 1499 3827 quos

175 3845 291 3885 arenoso
304 3834 466 3904 stagnorum
480 3833 609 3919 crescunt
622 3826 798 3900 arundineta,
871 3836 954 3888 nocte
974 3829 1162 3899 somniantur,
1189 3830 1352 3907 pauperiem
1373 3832 1497 3904 crepant.

176 3923 241 3982 quse
270 3904 382 3964 taudem
409 3924 473 3964 cum
497 3906 622 3964 radicum
647 3904 717 3964 dura
742 3909 799 3963 tex-
834 3904 963 3975 druch,
983 3926 1010 3965 u.
1025 3908 1109 3965 fraus.
1131 3908 1177 3965 len
1197 3905 1438 3974 dronmr'edrocd,
1458 3902 1499 3962 nil

175 3989 238 4040 tura
257 4000 289 4040 se
308 3982 448 4043 solventes
461 4001 543 4060 aquae
556 3985 750 4060 supernatant,
770 3987 798 4040 et
873 3983 927 4041 nisi
953 3982 1028 4041 frans
1055 3984 1196 4042 somnium
1221 3988 1271 4042 est
1300 3982 1383 4041 N1.v.
1403 3981 1499 4050 drocis,

174 4058 326 4138 quotannis
352 4058 577 4118 adcrescentibus
603 4078 686 4117 omne
709 4077 797 4135 genus
872 4059 1033 4137 prestigiae,
1055 4060 1111 4118 Kil.
1140 4059 1213 4118 Vide
1234 4060 1306 4119 infra
1327 4059 1429 4118 droam.
1449 4056 1499 4118 Isl.

175 4135 327 4206 caricibus,
340 4135 414 4195 inter
427 4136 797 4214 qucsregnatmauyanthes
871 4136 974 4214 drcspr
991 4156 1101 4207 manes,
1122 4136 1259 4208 lemures,
1278 4142 1432 4215 spectrum.
1452 4133 1500 4192 NL

175 4213 309 4273 triicliata
322 4212 445 4284 Linnaei,
466 4215 589 4272 formant
606 4220 693 4272 strata
707 4212 798 4291 spissa
868 4214 1021 4290 pedroadt,
1041 4219 1208 4273 monstrum.

175 4291 211 4350 ad
231 4288 409 4380 altitudinem
429 4290 515 4350 trium
535 4295 703 4368 quatuorve,
727 4289 797 4367 quin
833 4290 960 4362 droch,
984 4290 1015 4350 F.
1023 4290 1050 4351 b.
1069 4291 1153 4350 homo
1174 4291 1263 4362 valer,
1284 4289 1392 4350 sannio.
1414 4289 1497 4347 Outs.

175 4377 202 4429 et
222 4386 349 4502 qumpue
369 4368 486 4446 pedum,
505 4387 592 4446 supra
604 4367 723 4426 ferndum
737 4386 796 4426 are·
833 4368 1004 4445 droager,
1024 4387 1066 4445 cg.
1087 4368 1169 4427 homo
1184 4368 1393 4436 somnolentus,
1413 4383 1498 4424 cunc·

174 4465 275 4505 ncsum
316 4445 441 4506 uitantis.
470 4445 549 4504 Talia
569 4451 647 4522 prata
664 4443 796 4505 fenisecio
871 4451 952 4505 tator.

174 4523 254 4583 utilia
277 4533 357 4594 sunt,
387 4529 416 4582 et
435 4528 567 4583 vomatur
586 4542 602 4581 a
622 4520 728 4582 Gronin
750 4539 797 4579 en·
831 4521 1057 4596 DROCHTEN,
1071 4542 1107 4583 nr.
1118 4523 1181 4583 llv.
1192 4521 1332 4590 dominus,
1345 4517 1490 4597 princeps,

174 4601 254 4661 sibus
273 4600 383 4671 lcdden,
403 4601 438 4659 ab
458 4599 609 4659 Hollandis
622 4601 716 4658 ried-co
787 4642 794 4668 ,
869 4600 952 4671 deus,
982 4600 1117 4661 Christus.
1154 4605 1219 4679 Aga.
1249 4599 1362 4659 dridtevr.
1397 4594 1490 4654 Variae

175 4684 203 4736 et
234 4677 403 4752 siref-tillem
442 4697 527 4755 quam
560 4695 654 4736 vocem
687 4683 795 4735 veteres
869 4678 1002 4737 lectiones
1029 4677 1058 4738 in
1085 4678 1166 4738 MSS.
1192 4678 1303 4738 drotden
1329 4681 1358 4737 et
1381 4674 1491 4734 drotten

174 4754 336 4815 Hellandiae
361 4755 474 4826 incolae,
503 4754 610 4815 scilicet
627 4752 726 4826 Frisii,
754 4751 795 4812 ibi
867 4773 919 4833 per
947 4754 1176 4817 assimilationem
1205 4755 1352 4816 literarum
1380 4757 1413 4812 nt
1442 4750 1491 4812 Isl.
