3256 5310
159 215 215 280 tat

196 447 379 523 ttjddaterkr,
409 447 463 524 adj.
493 446 573 506 valde
602 447 710 506 firmus.
752 445 819 522 Aga.

195 523 372 593 theid-teate,
398 525 538 584 cruciatus
561 524 705 593 immanis;
733 523 820 582 tietd-

196 600 311 672 eander,
331 601 498 660 miraculum
511 602 619 676 ingens.
640 600 710 659 Haeo
727 601 818 671 notio,

196 698 230 736 er
247 677 311 735 imis
332 678 494 754 praecordiis
514 678 718 737 Germanorum
739 682 818 747 nata,

198 754 297 831 probat
329 755 481 832 populum,
513 755 563 832 qui
596 772 693 812 omues
726 758 818 832 partes

197 829 256 908 regi
285 831 402 909 ejusque
428 830 564 890 ministris
586 829 687 890 tribuit
712 848 821 889 eornm·

197 925 252 984 que
273 906 410 966 voluntati
423 907 560 968 serviliter
573 905 750 985 obsequitur,
764 925 820 965 nou

197 1003 258 1042 esse
289 1002 322 1042 ex
347 984 434 1061 stirpe
460 985 581 1061 genuina
608 991 636 1042 at
658 984 821 1042 intaminata

198 1061 410 1152 Germanorum.
560 1137 566 1150 .
631 1137 637 1150 ι
733 1137 740 1150 .
801 1136 808 1150 .

197 1137 822 1349 ,,piar55¹³,litiumriserit

198 1291 648 1456 tantitattitttltt,
661 1309 823 1443 bittit

199 1450 278 1503 terat.
308 1445 458 1503 Germania
478 1444 613 1503 dividetur
633 1444 662 1502 in
676 1443 747 1503 duas
761 1462 823 1534 par·

200 1528 241 1580 tes
271 1520 441 1599 principales
469 1521 541 1596 (lat.
571 1520 610 1598 pl.
644 1522 821 1591 Germanae),

199 1597 378 1657 Germaniam
418 1598 545 1656 altiorem
586 1603 611 1655 et
645 1597 822 1667 inferiorem,

198 1693 319 1752 quarum
339 1674 473 1733 idiomata
493 1693 608 1752 quoque
625 1672 823 1732 describuntur

199 1752 227 1810 in
257 1750 306 1809 Nl.
335 1750 527 1827 Hoopdaitscle
558 1756 585 1808 et
615 1749 823 1819 Nederdaitacle,

1337 272 1340 276 Α
1466 217 1522 282 ιιι

1116 366 1250 428 aurea.
1512 342 1513 345 ‘

894 443 1051 505 Germaniae
1061 451 1168 522 gentes,
1181 463 1301 524 quarum
1311 448 1411 507 notitia
1423 449 1522 508 adRo·

892 541 989 582 manos
1000 527 1128 592 venerat,
1142 523 1283 599 praecipue
1298 525 1400 584 acoolae
1413 525 1521 596 Rheni;

893 601 983 675 [paone
1014 599 1102 658 Rieai
1129 601 1234 674 ripam,
1267 600 1362 679 inquit
1390 601 1520 672 Tacitus,

891 677 965 733 daed
992 675 1069 734 dabie
1094 677 1285 734 Germanorum
1299 678 1397 754 populi
1416 680 1522 748 colunt,

892 752 997 827 (Germ.
1018 756 1075 828 28.)
1094 752 1185 811 Rheni
1202 753 1344 813 inferioris
1362 755 1437 831 ripae
1452 774 1522 832 prae·

893 829 990 888 sertim
1014 828 1146 888 tenebant
1164 829 1247 888 Frisii
1267 834 1295 889 et
1316 830 1423 890 Batavi.

932 905 980 966 Νι
993 910 1072 983 toop,
1092 905 1177 975 altus;
1196 905 1290 978 aeder,
1314 906 1441 977 interior,
1463 908 1519 966 Hd.

893 983 958 1041 ioci
978 988 1007 1042 et
1025 981 1128 1052 eada,
1151 982 1181 1041 in
1200 982 1240 1041 eis
1261 983 1374 1043 vocibus
1395 1001 1452 1042 non
1474 1005 1521 1042 no·

895 1065 936 1117 tat
973 1058 1142 1149 dignitatem
1180 1058 1313 1134 majorem
1347 1059 1521 1120 minoremve

895 1154 1047 1207 sermones,
1073 1135 1124 1195 sed
1143 1135 1272 1196 altiorem
1293 1136 1337 1196 vel
1356 1136 1520 1196 inferiorem

894 1212 979 1271 situm
1005 1211 1128 1289 regionis
1155 1210 1204 1270 ubi
1231 1218 1342 1290 regnat,
1390 1213 1448 1272 uod
1464 1233 1522 1272 mo·

896 1308 949 1348 neo
981 1295 1078 1348 contre
1108 1289 1260 1366 gloriosos,
1290 1290 1340 1367 qui
1400 1290 1426 1349 d.
1456 1292 1522 1348 toci

897 1371 1009 1426 vertunt
1029 1365 1131 1436 celsus,
1152 1365 1284 1436 eximius,
1304 1367 1430 1426 eminens
1449 1367 1524 1426 inter

895 1461 1000 1513 omnes,
1015 1446 1042 1500 et
1052 1441 1108 1501 Hd.
1121 1441 1220 1513 aiedm
1234 1459 1325 1503 sermo
1360 1443 1522 1512 roletarius,

896 1519 1035 1578 sordidus.
1064 1518 1214 1578 Alamanni
1234 1524 1314 1578 erant
1378 1520 1424 1578 eni
1437 1536 1522 1597 anpe-

897 1595 978 1655 rioris
1011 1593 1113 1655 accolae
1146 1600 1180 1653 ut
1212 1595 1368 1666 Theotieci,
1408 1596 1523 1664 Batavi,

896 1671 993 1743 Frisii,
1015 1677 1076 1730 caet.
1096 1670 1245 1732 interioria.
1278 1672 1382 1732 Gonier
1400 1673 1523 1749 beppeli-

896 1767 970 1819 saera,
992 1747 1322 1820 alamanno-theutones,
1339 1768 1426 1828 supra
1439 1753 1503 1808 458.

199 1827 256 1886 Hd.
275 1826 473 1885 Hori-detrisek
493 1830 521 1885 et
538 1825 772 1897 Nede-deuant,
792 1826 824 1884 li·
860 1824 1107 1903 plat-dietslr,
1133 1843 1159 1884 n.
1180 1825 1237 1884 Hd.
1258 1825 1452 1895 Plcidertiaelr,
1472 1825 1524 1884 lin·

199 1911 243 1962 cet
255 1902 310 1962 Hd.
321 1903 539 1962 Niederdeutaoi
549 1902 705 1981 superiores
716 1907 823 1979 spectat

200 1979 341 2039 interioris
366 1980 525 2038 Germaniae
551 1986 645 2057 partes
672 1997 757 2058 qnam
777 1979 823 2039 Νι

201 2055 407 2126 Nederdaiteci,
428 2057 523 2132 lingua
543 2057 621 2133 regui
641 2055 823 2114 Neerlaudici

201 2139 229 2192 et
253 2132 403 2192 Flandriae.
433 2132 482 2192 Νι.
502 2131 732 2203 Nede-Deitasla,
779 2151 823 2191 uae

200 2229 253 2269 vox
278 2210 373 2269 seculo
393 2209 561 2287 precedente
580 2209 673 2267 adhuc
692 2150 823 2280 floreiat,

199 2305 274 2345 nunc
293 2285 396 2345 dicitur
415 2285 628 2358 querlondecd,
649 2285 705 2345 Hd.
723 2285 824 2344 Nieder

198 2363 324 2422 madiaci
359 2362 428 2421 Indo
448 2362 539 2440 liquet
558 2381 647 2440 quare
667 2362 750 2438 Angli
770 2362 823 2420 lin·

219 2458 285 2497 uam
306 2439 480 2510 Helleudiae,
501 2458 564 2516 qum
584 2443 669 2516 caput
688 2443 748 2497 erat
767 2437 824 2497 Ne·

199 2460 366 2586 ierlandiae,
386 2516 509 2593 elliptice
530 2515 665 2574 vocabant
679 2522 708 2572 et
722 2520 823 2573 vocant

199 2594 289 2651 Dutch
308 2592 425 2666 (dutsb).
443 2594 546 2651 Forma
568 2592 643 2650 vocis
664 2591 761 2650 eadem
782 2596 824 2649 est

218 2689 262 2728 uas
281 2669 312 2728 Il.
326 2670 427 2739 Duae,
446 2667 635 2739 Nabataea,
655 2667 823 2726 Alamanno-

198 2752 208 2803 t
230 2747 358 2804 eotisous.
380 2745 432 2803 His
460 2745 619 2804 nominibus
646 2744 735 2802 varias
756 2763 823 2803 usus

199 2823 352 2898 assignavit
371 2822 499 2881 notiones
517 2841 568 2901 pro
583 2820 664 2880 aeriis
678 2821 823 2880 hominurn

199 2898 377 2969 commentis,
398 2899 482 2957 variis
502 2899 569 2958 locis
589 2905 619 2957 et
634 2897 823 2976 temporibus,

200 2995 250 3033 nec
271 2994 326 3033 non
348 2993 399 3052 pro
420 2975 495 3033 varia
508 2975 674 3033 idiomatum
689 2974 823 3033 mixtione

199 3051 824 3204 {tibialibusttldtitillat

198 3220 260 3261 cam
279 3204 373 3292 lanpee
391 3202 548 3272 liemoade,
564 3222 598 3261 err
611 3201 744 3261 Flandria
762 3203 823 3279 ejus

199 3280 265 3338 aedo
286 3278 433 3356 principali
452 3279 482 3336 in
504 3279 555 3337 Bel
577 3279 615 3350 'o,
635 3298 711 3338 nuno
726 3280 755 3338 le
767 3282 824 3339 haa-

196 3354 464 3447 pueHoIIqadaiqe,
497 3374 545 3414 ex³
588 3356 723 3426 ollandia,
756 3357 823 3415 olim

199 3431 824 3600 adstitit?littrdtjttatttttt

199 3586 280 3661 (Hd.)
299 3587 417 3645 multata
438 3592 480 3645 est
500 3605 535 3645 ex
558 3586 739 3646 idiomatibus
759 3589 823 3647 Ala·

200 3662 320 3721 manniae
344 3663 566 3736 (Roob-deuteri)
589 3669 617 3721 et
635 3663 763 3723 Saxoniae
782 3664 824 3722 in·

199 3739 307 3797 serioris
334 3739 594 3813 (aeder-deame),
622 3739 651 3798 iu
677 3759 735 3818 qua
755 3741 824 3799 mix·

200 3815 276 3874 tione
287 3821 380 3874 tamen
391 3816 575 3875 Alamannioa
584 3817 668 3892 longe
677 3817 823 3893 praevalet,

897 1921 954 1980 gua
972 1901 1109 1962 Sarouioa
1134 1920 1274 1980 praesens,
1298 1920 1383 1980 quam
1403 1901 1524 1993 loquun-

898 1985 946 2039 tur
978 1998 1077 2038 novem
1108 1978 1199 2038 decies
1230 1983 1347 2038 centena
1379 1979 1524 2037 hommum

897 2056 1000 2126 millia,
1021 2056 1177 2133 praesertim
1196 2056 1226 2114 in
1247 2055 1328 2114 terris
1348 2055 1415 2115 inde
1433 2056 1525 2114 aFri·

896 2133 938 2192 sia
957 2131 1086 2192 orientali
1106 2132 1166 2206 (Νι
1189 2130 1412 2204 Ooetorieaiaad)
1426 2151 1524 2192 sccun-
1564 2150 1568 2160 ·

898 2210 967 2268 dum
987 2209 1070 2268 litora
1090 2207 1173 2266 maris
1193 2208 1352 2268 Germanici
1374 2228 1471 2287 usqne
1488 2210 1524 2267 ad

897 2285 1003 2344 Jutiam
1031 2284 1181 2363 porrectis3
1208 2284 1304 2361 lingua
1333 2285 1438 2355 nativa,
1466 2286 1524 2360 agi·

896 2363 947 2432 lis,
968 2361 1060 2431 diaes,
1082 2362 1184 2439 cuique
1209 2368 1376 2439 argumento
1400 2367 1477 2438 apta,
1497 2369 1526 2419 et

897 2439 927 2497 ia
957 2438 1017 2497 suis
1048 2438 1137 2497 literis
1167 2438 1385 2497 consonantibus
1410 2438 1525 2496 inteme-

898 2520 957 2574 rata
984 2514 1157 2573 Alamanniae
1183 2514 1341 2604 sordibus·
1363 2514 1445 2574 Hanc
1472 2514 1525 2573 lin-

897 2591 1525 2738 tttrrttttutttdtttttltdt

896 2746 926 2803 in
952 2745 1136 2804 dialectorum
1163 2763 1314 2804 numerum
1338 2745 1439 2815 relata,
1468 2745 1526 2822 ple·

896 2821 996 2881 becula
1012 2821 1126 2880 indocta
1139 2821 1339 2892 Flet-demach,
1359 2821 1524 2880 theotiscam

896 2899 1051 3032 qqegalam,
1065 2898 1260 2989 proletarium,
1281 2898 1425 2988 appellare
1440 2897 1524 2987 oepit.

896 2973 1218 3122 ,tradididit
1232 2973 1526 3129 tarditati

897 3128 992 3187 mixtae
1011 3127 1184 3206 insuperque
1204 3128 1303 3187 misere
1323 3126 1458 3187 mutilatas
1482 3127 1525 3185 vel

897 3203 1070 3274 dilaceratae,
1091 3204 1198 3294 qnippe
1218 3204 1341 3274 Gallica,
1361 3203 1481 3294 Anglica
1497 3209 1525 3261 et

897 3281 1204 3340 Alamnuuo-thaotrsoa
1224 3281 1305 3356 (Hd.)
1324 3281 1476 3360 imperium
1496 3281 1524 3337 ia

897 3358 986 3417 literis
1000 3363 1112 3429 teuent,
1131 3358 1201 3417 adeo
1215 3364 1249 3416 ut
1262 3357 1374 3435 ingenia
1387 3376 1437 3416 sua
1450 3376 1526 3415 com·

898 3439 991 3494 menta
1018 3439 1045 3493 et
1071 3434 1183 3494 inventa
1208 3434 1251 3494 bis
1271 3435 1417 3514 praecipua
1437 3453 1524 3492 enna-

897 3512 970 3572 ciare
994 3511 1124 3571 debeant.
1155 3512 1301 3589 Quantum
1326 3510 1428 3571 nostris
1449 3516 1526 3568 ante·

898 3587 1009 3647 stabant
1020 3589 1184 3648 Graecorum
1197 3593 1225 3647 et
1234 3589 1427 3649 Romanorum
1438 3586 1525 3664 scrip-

898 3669 986 3736 tores,
1013 3664 1064 3743 qui
1090 3665 1216 3754 lingnam
1242 3664 1373 3723 omuibus
1399 3664 1526 3722 numeris

898 3742 1063 3875 pepepmm,
1083 3741 1190 3800 sciboet
1209 3741 1352 3810 Graecam,
1371 3740 1408 3798 sd
1422 3758 1524 3797 manus

917 3822 1047 3877 aeaut.

200 3911 300 3968 magno
320 3891 487 3952 detrimento
508 3892 644 3969 analogiae
657 3892 822 3964 formarum,
858 3891 1005 3961 diietsk,
1031 3892 1087 3969 adj.
1106 3894 1135 3950 D
1154 3898 1197 3951 est
1217 3911 1252 3950 ex
1272 3893 1300 3950 tt
1319 3910 1433 3969 aspera,
1459 3912 1523 3969 qum

199 3974 227 4028 et
253 3969 467 4028 consonantium
491 3969 636 4028 literarum
660 3968 824 4028 contusione

199 4045 393 4105 inextricabili.
412 4046 502 4105 Audit
517 4051 611 4104 tamen
624 4044 681 4105 Hd.
695 4047 823 4117 Deataol,

200 4123 247 4182 Νι
261 4124 382 4182 Deitrci.
408 4122 482 4182 Galli
496 4126 596 4182 vocant
614 4122 643 4180 la
661 4123 756 4200 lappae
776 4123 824 4180 At·

198 4200 317 4258 lentanda
336 4219 371 4258 er
385 4205 464 4277 parte
477 4198 620 4277 primaria,
644 4199 751 4259 scilicet
770 4197 823 4258 lin·

200 4275 643 4424 dittttfflttrttlitt
656 4276 824 4413 *titali

199 4449 269 4506 quas
290 4430 315 4488 ei
336 4437 436 4490 vocant
459 4432 606 4508 Geranaap,
630 4450 690 4490 esse
706 4398 824 4507 nepotei

201 4525 280 4564 veros
300 4507 442 4582 gentium,
460 4526 533 4586 qnae
551 4507 645 4566 Caesar
663 4513 691 4566 et
710 4507 824 4566 Tacitus

200 4583 378 4660 appellabant
405 4583 572 4655 Germanos,
603 4584 634 4642 id
690 4603 727 4642 ue
766 4583 822 4643 lid.

200 4661 316 4718 Deataci
350 4660 495 4739 appellunt
527 4603 822 4736 ommutesce,

200 4737 242 4793 tte
266 4737 390 4797 German.
423 4738 551 4796 Germani
570 4743 679 4797 tautum
698 4742 765 4796 eunt
783 4754 823 4794 eae

896 3990 913 4030 a
935 3969 974 4028 ud
988 3973 1126 4028 nostrates
1140 3968 1240 4028 transit
1251 3969 1281 4028 in
1295 3973 1321 4027 t.-
1337 3968 1402 4028 indc
1415 3970 1505 4047 poert
1512 3995 1522 4036 ;

896 3990 932 4106 lp
950 4045 984 4104 G.
1002 4046 1027 4104 J.
1050 4045 1171 4120 ilrjetak
1194 4046 1329 4121 unajest,
1349 4046 1527 4124 peregrinus.

897 4122 944 4182 Nl.
964 4123 1027 4181 Sax.
1052 4121 1145 4182 Alam.
1174 4122 1229 4182 Hd.
1256 4127 1368 4182 vertunt
1394 4125 1423 4182 tt
1450 4123 1480 4181 in
1500 4122 1526 4180 d.

897 4201 939 4271 D,
969 4218 986 4258 a
1019 4198 1236 4277 municipalibus
1268 4199 1366 4261 Ilrisioe
1396 4205 1525 4276 recepta,

898 4296 976 4336 nuno
1001 4276 1036 4335 ad
1063 4278 1198 4337 ruricolas
1224 4277 1348 4349 transiit,
1374 4277 1407 4337 F.
1428 4276 1524 4335 Datalc.

898 4354 985 4414 Haud
1002 4354 1084 4413 aliter
1096 4354 1150 4428 dia'
1186 4373 1216 4413 ro
1229 4355 1304 4429 ttju'.
1333 4353 1399 4415 ιιι).
1415 4352 1528 4427 ιῖοιιιι,

900 4375 1525 4505 mostmtamsnno-lteotiseus.ltor,atat,

897 4507 957 4582 (Νι
978 4526 1002 4566 ι.
1021 4506 1092 4578 diet,
1112 4506 1247 4586 populus)
1267 4508 1386 4568 Ontaen.
1413 4504 1527 4581 Gadi,

896 4584 980 4659 tjutslr
1005 4585 1131 4661 (tifretslr,
1161 4584 1266 4662 linguas
1292 4584 1391 4662 patriae
1418 4583 1527 4640 consor·

898 4661 967 4732 mis,
991 4661 1178 4736 vernaculus.)
1203 4663 1345 4737 maaet,
1371 4658 1425 4748 eati.
1452 4676 1529 4734 pere·

897 4738 1008 4814 grinns3
1028 4740 1166 4814 epidimia
1184 4738 1270 4808 moui,
1289 4740 1452 4815 (paegnue
1466 4734 1528 4814 pul·
