3256 5310
169 237 226 296 948

441 381 570 442 ETSFL.

213 463 343 522 mulsum.
374 461 461 519 Frisii
489 478 603 538 queque
630 458 676 519 die
700 458 743 519 bis
769 459 843 518 mul·

212 543 280 619 gent
308 537 408 605 boum,
441 555 523 596 mane
555 542 583 596 st
612 555 737 614 vespera.
767 535 843 596 Mul·

232 621 281 675 ent
301 634 343 673 ex.
366 635 405 689 gr.
428 613 510 671 bodie
531 632 612 672 mane
626 613 741 683 bovem,
762 614 843 690 eujus

212 637 256 752 ias
276 711 337 752 eras
357 710 440 749 mane
460 689 630 767 despumant
649 696 677 749 et
694 697 793 749 vocant
805 695 843 748 et·

212 768 417 835 wirla-moellm
432 767 507 825 idem
521 767 564 825 lec
577 767 770 826 secundarios
781 767 843 824 des·

213 852 333 925 pumant
353 863 412 902 oras
431 862 547 920 vespere
564 850 592 902 et
608 849 708 903 vocant
725 843 844 902 tkredde·

212 921 416 989 misle-mealle,
446 919 522 998 quod
553 921 588 979 ab
615 940 648 979 ea
674 921 758 989 hora,
788 938 845 997 qua

213 999 291 1058 istud
311 999 355 1057 lec
376 1005 435 1056 erat
455 996 596 1065 mulsum,
618 997 702 1056 boves
716 1004 759 1056 ter
772 997 844 1055 mul·

213 1096 252 1136 sae
265 1081 339 1134 sunt.
354 1074 438 1141 Meet,
453 1074 533 1143 vicis,
547 1075 565 1132 i.
581 1093 604 1132 e.
619 1075 687 1133 hora
699 1073 845 1150 mulgendi

216 1160 243 1212 et
270 1151 413 1230 quantitas
441 1151 518 1208 lactis
545 1150 639 1209 mulsi.

179 1228 427 1296 besl-etmiel,
451 1230 485 1284 le
505 1227 589 1286 borae.

179 1305 311 1375 ursui,
325 1320 423 1374 rrsnn,
436 1319 553 1375 urrann,
566 1304 598 1364 F.
604 1324 628 1363 v.
642 1304 771 1375 calcaria,
784 1323 845 1381 spe·

218 1382 312 1441 eiatirn
328 1380 404 1440 Galli
416 1380 572 1456 gallinacei.
595 1382 677 1439 Hono
690 1381 758 1452 iteil,
777 1381 846 1439 tone

215 1460 280 1518 stret
287 1504 294 1529 ,
310 1460 379 1517 rsa
392 1459 469 1516 eetsel
480 1475 570 1534 usque
583 1458 704 1517 occurrit
717 1458 746 1516 in
759 1457 846 1534 Legg.

1492 230 1554 286 ⁹44

1108 378 1313 441 FTWFNDF.

918 458 1073 517 inserviens
1099 457 1232 517 fenisecio
1258 461 1324 534 post
1343 456 1474 589 Aprimum
1503 456 1553 515 de·

918 541 1038 671 pastum.
1076 534 1149 594 Vide
1167 540 1233 593 eert.
1265 533 1308 592 ux
1329 538 1389 591 ert
1407 552 1484 592 more
1505 553 1552 591 so-

929 620 969 671 rto
982 633 998 671 r
1011 613 1092 684 elisa,
1112 612 1200 670 oritur
1213 611 1269 680 erit,
1290 610 1343 678 eet,
1356 611 1399 685 ,iet
1411 616 1439 668 et
1451 614 1486 667 et.
1517 610 1552 668 F.

917 689 1016 761 stedrt,
1042 690 1132 760 ledrt,
1159 689 1232 756 edri,
1252 704 1374 763 pronun.
1393 689 1468 759 stjet,
1490 706 1551 745 mo·

918 767 1006 836 ritur;
1038 768 1106 842 ljer,
1140 765 1232 835 nudit;
1258 765 1314 834 jer,
1346 765 1453 840 pisum,
1488 768 1551 822 coet.

917 842 1071 919 Analogioe
1096 842 1214 901 edrtldn
1237 841 1316 898 lieret
1334 841 1419 898 ethin
1440 838 1483 897 rel
1497 842 1553 914 jet-

917 920 973 979 ldn.
998 919 1137 980 Praeterea
1157 916 1290 1009 pascendi
1309 917 1401 987 notio,
1420 935 1486 995 quse
1506 923 1551 975 est

919 997 948 1056 in
968 1001 1051 1068 eran,
1077 1001 1135 1056 tam
1155 1015 1185 1054 ιιι
1205 995 1326 1072 primam
1345 1012 1430 1071 quam
1450 993 1551 1054 seroti-

919 1093 984 1132 nam
1002 1074 1115 1132 herbam
1130 1071 1304 1142 conveniret,
1324 1089 1418 1149 neque
1432 1070 1551 1129 altorem

919 1151 954 1209 ab
979 1150 1066 1210 altera
1086 1150 1283 1226 distingueret,
1310 1166 1375 1225 quae
1395 1146 1470 1205 vocis
1490 1147 1553 1206 edrt

920 1233 962 1286 est
986 1227 1035 1287 ris.
1062 1227 1160 1287 Obiter
1181 1244 1281 1284 moneo
1302 1225 1471 1315 euolpticum
1491 1224 1550 1293 ed,

919 1308 970 1375 ee,
990 1310 1088 1362 notare
1108 1320 1267 1372 recursum,
1286 1302 1498 1380 rependerem,
1518 1307 1552 1359 ut

920 1380 948 1440 iu
962 1382 1051 1439 etmiel
1062 1385 1163 1458 (q.,r.);
1177 1380 1229 1438 bae
1242 1378 1405 1456 deceptione
1418 1382 1550 1454 etproen,

920 1462 980 1518 caet.
1000 1459 1114 1535 proprie
1133 1460 1243 1516 notaret
1258 1473 1373 1532 gramen
1387 1473 1550 1525 recurrens,

215 1535 344 1606 Frieicis,
365 1553 430 1611 quse
449 1534 575 1623 irrogant
588 1535 722 1593 muletam
736 1553 846 1613 posses·
920 1535 938 1594 i.
959 1554 984 1593 e.
1003 1535 1132 1593 alterum.

216 1612 273 1672 sori
300 1610 379 1689 gelli,
410 1611 461 1688 qui
483 1611 553 1670 alros
574 1612 728 1670 calcaribus
749 1612 846 1671 vulne·
883 1613 1066 1682 et·fenne,
1087 1612 1107 1668 f.
1121 1610 1185 1670 F.v.
1200 1614 1328 1686 pratum,
1351 1626 1489 1686 pascuum
1503 1628 1552 1686 pe·

217 1688 296 1750 ravit.
326 1687 408 1746 Frisii
435 1693 543 1747 veteres
564 1688 694 1747 videntur
707 1707 847 1766 praegran-

216 1767 267 1824 des
287 1771 316 1824 et
335 1783 476 1842 pugnaees
495 1764 598 1823 aluisse
617 1765 722 1841 gallos,
748 1772 781 1823 ut
799 1764 847 1823 ho·

217 1842 264 1900 die
283 1841 374 1901 adbuc
387 1841 485 1916 Angli,
507 1859 576 1919 quos
589 1841 662 1899 inter
675 1861 705 1900 se
720 1841 847 1900 commit·

217 1918 321 1976 tabant
350 1917 441 1976 Tanta
453 1917 595 1977 aemulatio
608 1918 717 1977 occulte
732 1918 847 1977 ardebat

218 1994 372 2053 Frisiorum
380 1994 571 2070 etrtnglorum
581 1995 696 2067 animos,
707 2000 740 2054 ut
749 2015 779 2054 se
789 2014 846 2054 nou

219 2072 314 2141 taeile,
328 2071 386 2129 sive
400 2071 428 2129 in
443 2071 546 2143 stadio,
560 2072 618 2131 sive
630 2072 767 2149 palestre,
787 2074 846 2131 sive

219 2167 306 2208 cursu
334 2148 454 2218 velifico,
481 2148 607 2226 superari
630 2149 665 2208 ab
686 2149 747 2209 aliis
767 2155 846 2228 pate·

220 2232 331 2296 rentur;
359 2225 428 2303 quin
457 2232 484 2283 et
509 2225 575 2285 huie
600 2226 689 2284 furori
713 2245 764 2286 sua
789 2226 846 2284 aui·

218 2302 303 2361 malie
322 2301 475 2361 domestice
493 2304 599 2377 (cansa,
621 2321 721 2380 equos,
743 2303 844 2380 gallos,

920 1707 984 1747 oore
1016 1685 1241 1776 deposcendum,
1275 1688 1437 1763 oppositum
1469 1691 1551 1762 prato

920 1765 1084 1824 feniculano
1097 1763 1183 1833 mide,
1197 1763 1228 1822 F.
1243 1763 1339 1831 made,
1353 1761 1466 1822 Richth.
1480 1763 1551 1821 Lex.

921 1845 992 1914 203,
1019 1846 1045 1902 6.
1078 1841 1110 1901 F.
1128 1844 1220 1916 siene,
1247 1859 1384 1918 pascuum
1410 1857 1467 1897 nou
1494 1858 1552 1898 me·

920 1919 1046 1979 tendum.
1075 1918 1225 1977 Veteribus
1251 1923 1282 1976 ut
1308 1917 1389 1976 nobis
1416 1915 1446 1975 iu
1472 1934 1551 1975 more

920 2002 980 2057 eret
1005 2015 1102 2055 meuse
1128 1995 1209 2072 junio
1237 2001 1343 2054 metere
1366 2012 1503 2071 pascuum
1524 1999 1552 2052 et

920 2093 1036 2151 gramen
1060 2073 1195 2132 chordum
1225 2071 1326 2130 deinde
1353 2089 1479 2130 crescens
1504 2089 1553 2149 pe·

921 2152 979 2211 cori
993 2151 1060 2209 dare
1074 2148 1291 2227 deposcendum.
1318 2147 1430 2226 Duplex
1444 2148 1552 2238 quippe

921 2227 1020 2363 {odem
1053 2245 1127 2286 anno
1160 2225 1264 2285 messio
1294 2231 1373 2303 prato
1407 2224 1552 2283 exhaurie-

940 2309 975 2364 et.

219 2382 293 2454 caet.)
322 2378 526 2440 submitterent.
572 2381 598 2438 A
632 2425 638 2440 .
671 2398 730 2457 eep,
764 2380 845 2440 ecies.
883 2381 1067 2458 et·grode,
1082 2380 1146 2440 F.o.
1152 2397 1272 2516 gramen
1285 2377 1432 2447 chordam,
1448 2396 1551 2456 pecore

219 2457 293 2533 Aug.
302 2475 327 2515 r.
342 2458 415 2528 etet,
428 2456 541 2534 stipula.
571 2455 598 2514 N
612 2476 651 2516 .v.
664 2462 748 2529 eben,
762 2460 847 2532 (mor-

220 2534 298 2607 dere)
318 2532 459 2604 arrodere,
481 2533 630 2610 depascere
636 2557 644 2603 ;
664 2540 749 2606 elren,
769 2535 848 2610 diiten

921 2457 1138 2536 depascendum.
1173 2461 1225 2515 tiir.
1239 2458 1269 2516 F.
1282 2455 1378 2533 proed,
1393 2454 1452 2528 (Nl.
1462 2457 1551 2533 praei,

921 2536 1135 2609 incrementum)
1151 2534 1261 2611 proedo,
1282 2532 1405 2592 cicatrix.

220 2612 250 2670 ta
275 2628 368 2686 ceper,
394 2609 546 2669 inscribere
580 2611 639 2669 sire
669 2610 792 2671 incidere
817 2611 847 2670 in
883 2616 1050 2689 et·grow,
1069 2611 1233 2671 idem.F.b.
1247 2612 1320 2687 Aug.
1336 2616 1461 2686 rapsa,
1481 2628 1552 2670 eres·

220 2685 454 2823 ditmeiitfi'
484 2686 797 2825 {adamabit
813 2693 849 2825 ἓξ

220 2839 252 2899 dle
270 2807 398 2918 queieus.
429 2809 437 2836 ’
464 2783 482 2842 q
606 2809 614 2836 ’
641 2783 662 2843 P

184 2917 300 2985 ΕΤΤΔ,
322 2917 398 2976 rba.
419 2916 450 2975 F.
460 2938 484 2975 v.
505 2919 664 2995 depascere.
695 2919 760 2979 Got.
774 2921 848 2989 itan,

222 2992 319 3061 edere,
346 2995 385 3071 pi.
406 2997 449 3064 at,
475 2993 561 3063 etum
589 2997 701 3073 afetja,
725 3003 849 3065 vorator,

221 3069 330 3139 helluo;
350 3069 450 3137 usito,
471 3090 612 3149 praesepe;
629 3074 787 3149 fre-eticae,
808 3081 850 3131 tn·

222 3145 340 3204 rendam
362 3146 403 3205 ori
422 3146 564 3223 ingerere,
585 3149 701 3208 nutrire.
735 3149 851 3208 Flaudri

223 3227 306 3290 alten,
333 3241 448 3300 pascere
473 3243 560 3301 pecus
579 3225 609 3284 in
629 3227 702 3285 arvis
721 3232 771 3286 sut
790 3246 851 3304 pra·

223 3299 273 3371 tis;
303 3301 429 3376 ettinple,
479 3320 571 3360 ascua.
607 3305 653 3380 aff
677 3323 851 3363 consumme·

922 2709 999 2762 cere,
1032 2708 1067 2747 ex
1101 2688 1165 2748 nv.
1191 2708 1296 2766 prome,
1327 2687 1422 2765 prote,
1460 2686 1552 2758 idem,

922 2768 986 2844 Age.
1003 2785 1120 2844 posen,
1148 2765 1231 2826 idem.
1265 2765 1314 2825 Nl.
1335 2769 1465 2841 capraea,
1492 2783 1552 2840 gra·

921 2863 986 2904 meu
1012 2845 1175 2903 serotinum.
1211 2843 1291 2902 va.
1320 2846 1464 2918 eet-prosu,
1490 2859 1552 2900 nce·

921 2920 1023 3056 ιέςῖᾱὲ,
1052 2921 1148 3074 §zum
1173 2919 1363 3055 ebopdumDet
1390 2918 1552 3053 sterotiuum.

950 3017 980 3056 ι.
1019 3016 1196 3055 remeses
1249 3017 1294 3055 n.
1337 3013 1440 3054 orsee
1495 3015 1553 3066 aaa,

922 3073 1080 3133 aftermath.
1114 3075 1219 3149 Ange.
1242 3016 1318 3144 eadee,
1348 3013 1495 3143 renovabit
1522 3073 1554 3132 F.

923 3169 1035 3228 ary-pers
1059 3151 1186 3226 (gramen
1213 3152 1329 3223 norum)
1356 3167 1470 3224 gramen
1510 3154 1553 3207 ost

924 3246 1043 3286 messem
1069 3246 1225 3287 renascens.
1268 3229 1301 3287 Α.
1314 3226 1418 3302 Derby.
1447 3243 1463 3283 e
1498 3227 1553 3303 ipe,

924 3305 970 3363 the
990 3304 1146 3363 efterrnath.

223 3375 328 3435 tionem
343 3383 432 3448 notat,
472 3377 560 3451 atsi
568 3379 705 3456 ds‘todm,
720 3381 849 3460 ript'udrje,
884 3381 1066 3452 FTWAND,
1097 3380 1232 3455 (etwand,
1258 3377 1395 3455 eetwand)
1415 3379 1478 3439 us.
1499 3379 1553 3441 Nl.

223 3459 290 3513 totae
317 3453 395 3547 gregi
418 3460 531 3533 potum,
559 3457 696 3535 pabulum
715 3460 849 3538 praebere.

224 3531 258 3590 G.
289 3536 364 3604 aljan
397 3551 430 3592 ex
459 3533 497 3610 pf.
524 3538 556 3592 ot
580 3536 659 3596 verbi
684 3536 757 3606 iton,
787 3535 852 3594 assi·

223 3607 327 3667 miletis
341 3608 428 3668 literis
441 3614 533 3682 attan,
550 3616 638 3684 είίαη,
657 3614 690 3672 F.
703 3619 767 3672 etto.
786 3611 817 3671 F.
825 3631 850 3671 o.

224 3686 288 3753 etti,
320 3690 386 3754 ette,
416 3704 543 3763 pascere;
575 3690 668 3764 fossi,
698 3690 788 3760 idem,
818 3708 852 3747 err

217 3765 314 3839 senne,
337 3769 463 3840 pratum,
485 3764 516 3822 O.
538 3765 579 3825 Μ.
599 3770 644 3828 64.
676 3767 763 3845 Apud
784 3765 852 3824 Hol-

225 3837 323 3898 landos
357 3846 384 3898 et
418 3840 522 3899 Frisios
555 3840 616 3918 lege
646 3844 762 3902 vetitum
792 3847 852 3902 erat

225 3935 340 3994 aggeres
366 3917 489 3976 marinos
515 3917 664 3995 depascere
685 3919 789 3988 vaceis,
816 3938 853 3979 ue

225 3994 324 4052 harum
346 3993 514 4053 calcantium
537 3994 656 4072 pedibus
676 3996 852 4056 laederentur.

225 4069 297 4129 Vide
321 4070 421 4130 Mieris
441 4071 490 4129 ch.
508 4070 530 4128 I.
547 4075 611 4143 520,
636 4074 694 4133 Van
712 4074 852 4151 seedpekea

225 4152 252 4207 te
276 4151 360 4206 ettene
384 4149 434 4206 mit
457 4148 564 4210 deesten
593 4149 625 4208 F.
634 4171 659 4210 v.
678 4153 793 4230 sorcegio
811 4170 852 4209 om

226 4223 393 4303 dyeketteae,
431 4243 562 4285 accusare
594 4235 711 4308 propter
743 4226 852 4307 aggeris

225 4301 327 4361 marini
346 4302 548 4380 depectionem.

188 4378 322 4448 et·ltu‚
342 4398 369 4438 n.
389 4387 516 4471 pratum,
540 4382 617 4460 quod
637 4390 786 4462 postquem
806 4400 853 4471 pe

923 3464 1058 3528 eet-reuer,
1073 3459 1110 3536 pl.
1125 3464 1277 3530 eetsearen,
1290 3456 1401 3516 cibaria.
1423 3457 1487 3516 uv.
1500 3461 1553 3529 eto,

924 3537 1019 3608 edere,
1045 3536 1077 3596 F.
1085 3555 1111 3595 v.
1130 3535 1222 3606 wand,
1246 3552 1338 3604 mem
1357 3533 1467 3605 werde,
1487 3551 1554 3592 reu·

924 3613 1005 3684 ders,
1032 3613 1144 3690 proprie
1165 3619 1287 3683 vertere,
1304 3617 1485 3745 1permutare,
1505 3609 1554 3669 Nl.

924 3695 1062 3759 omzetten,
1090 3692 1221 3764 (vertere)
1250 3708 1301 3746 ren
1323 3707 1369 3747 ere
1396 3694 1424 3745 et
1452 3705 1554 3746 emere.

925 3767 1075 3836 nemausa,
1090 3766 1204 3835 cibaria,
1217 3764 1385 3834 mers-wand‚
1400 3781 1505 3822 meroes
1516 3771 1555 3822 ta·

925 3843 1075 3901 bernerum
1089 3842 1197 3912 mixta,
1218 3841 1311 3900 (thart.
1325 3841 1348 3899 l.
1363 3841 1428 3902 loo.
1443 3859 1467 3899 a.
1481 3840 1553 3899 med.

925 3919 1055 3978 Fetwond
1078 3918 1143 3976 ende
1166 3917 1240 3988 seed,
1260 3917 1364 3976 cibaria
1384 3923 1412 3975 et
1431 3917 1555 3976 frumen·

926 4002 1001 4067 tum,
1029 3995 1121 4053 Ghart.
1148 3994 1172 4054 I.
1197 3995 1260 4055 716.
1274 4014 1299 4053 a.
1329 3993 1411 4054 ΝΜ.
1431 4011 1554 4067 emersae,

926 4092 1003 4132 merx
1010 4098 1017 4142 ;
1044 4072 1219 4146 meere-torf,
1237 4070 1330 4130 corbis
1350 4071 1504 4143 institoria,
1524 4071 1554 4130 in

925 4169 982 4229 qua
1001 4149 1143 4209 circitores
1163 4167 1269 4209 meroes
1287 4148 1409 4209 minores
1444 4154 1552 4218 ortant3

925 4228 1059 4306 ellyptioe
1079 4226 1110 4285 F.
1130 4245 1237 4297 amase,
1258 4226 1341 4285 idem.
1361 4226 1395 4285 G.
1414 4169 1442 4285 d
1459 4244 1554 4284 merse·

925 4306 1061 4375 treomr,
1081 4303 1148 4378 (Kil.
1165 4308 1338 4375 swerman),
1358 4302 1484 4374 circitor,
1505 4301 1554 4379 qui

925 4400 1032 4441 meroes
1052 4380 1244 4440 distrahendas
1258 4379 1371 4440 vicatim
1385 4380 1553 4439 circumfert.

226 4475 277 4515 cus
303 4455 416 4534 depevrt
435 4457 551 4517 ruservit
570 4459 710 4520 feniseoio.
739 4458 853 4519 Dubrus
888 4457 1092 4528 FTWFNDF,
1125 4476 1168 4534 cg.
1198 4456 1259 4517 F.o.
1291 4457 1390 4516 novale
1421 4476 1484 4515 rere
1513 4474 1555 4513 se·

227 4532 318 4591 boereo
345 4552 380 4592 an
407 4553 463 4593 non
483 4540 509 4594 et
527 4535 556 4595 in
580 4538 677 4609 etddn,
704 4541 798 4596 ortum
816 4535 853 4594 sit

227 4628 262 4669 ex
280 4614 354 4679 eorl,
374 4618 471 4689 pastus
491 4620 626 4686 ramenta,
646 4633 759 4692 gramen
778 4631 853 4674 sero·

227 4686 318 4745 tinum
348 4688 377 4747 in
405 4694 485 4766 prato
511 4697 576 4768 post
597 4690 719 4769 primum
739 4709 854 4769 pumen

227 4768 366 4836 meatum,
387 4766 431 4825 rel
445 4770 555 4838 contre,
571 4786 686 4845 gramen
698 4767 854 4830 secundum

926 4541 1030 4614 quente
1056 4535 1157 4593 iterum
1183 4534 1319 4594 arandum
1341 4534 1371 4593 in
1392 4533 1494 4591 metatis
1514 4548 1555 4586 se·

926 4621 1026 4690 getsm.
1056 4612 1130 4671 Stirr.
1161 4611 1209 4671 Nl.
1238 4612 1343 4672 scendo
1369 4610 1432 4684 (der
1458 4607 1553 4677 alte)

927 4709 1026 4767 agrum
1045 4697 1138 4748 aratro
1155 4693 1271 4749 vertere.
1300 4691 1368 4765 Age.
1382 4684 1426 4755 ed,
1442 4701 1553 4751 rursus,

929 4772 963 4826 ut
981 4769 1012 4827 in
1030 4765 1119 4827 simiel
1136 4784 1164 4843 q.
1184 4783 1209 4824 r.
