3256 5310
335 379 525 444 alsuawn.

144 462 204 523 lire.
242 460 291 521 Nl
315 460 423 538 herpah,
448 480 585 539 seponere
602 469 633 522 et
652 481 762 523 servare

144 540 174 598 in
199 539 262 598 loco
286 541 425 612 111101-
445 542 529 598 Hraot
552 541 677 599 soilsthoa
697 543 762 600 noch

136 620 190 693 sca
218 617 348 693 dicrum
372 618 475 691 lcostje.l
521 617 679 693 (Quantum
704 625 761 676 turc

144 693 256 752 demum
288 692 457 752 mactabunt
488 695 643 772 exequioel)
686 696 761 754 Dicti

143 777 192 829 aut
211 770 277 829 lacti
297 770 420 847 protervi
429 772 526 846 jocosa
539 772 692 848 castigatio.
722 773 762 831 Di

141 850 211 906 Man
239 847 358 924 biprafft
383 847 414 904 ds·
441 850 553 918 henim,
583 849 660 907 canis
689 854 759 907 terra

141 924 236 984 obruit
255 943 327 983 ossa.

104 1000 338 1077 bigrallenis,
366 1018 409 1077 og.
438 1003 572 1079 exequiae.
613 1003 760 1079 Exsequiae

141 1077 218 1155 apud
237 1077 342 1137 Frisiaa
360 1078 414 1137 hoc
433 1078 517 1137 modo
536 1080 614 1138 fiunt

182 1154 280 1213 Oculis
314 1154 415 1214 clausis
449 1161 477 1214 et
506 1175 574 1214 naso
602 1176 760 1232 compresso

143 1231 302 1309 depositum
333 1231 452 1290 cadaver
485 1233 606 1307 primum
642 1234 760 1292 colloca·

143 1314 190 1367 tur
218 1308 249 1367 in
278 1309 422 1379 stramine,
449 1307 551 1368 deinde
580 1311 703 1368 lavatum
732 1315 761 1368 et

142 1390 220 1445 reste
238 1384 315 1444 ferali
331 1385 462 1445 indutum
482 1386 511 1444 in
531 1387 623 1445 loculo
661 1406 760 1445 uerceo

142 1463 186 1537 (ll.
205 1462 326 1597 ἄίαὲεί),
359 1462 408 1541 qui
431 1462 508 1540 apud
528 1408 760 1523 veteresqilrisios

141 1546 171 1599 et
189 1538 248 1597 Hin
269 1540 313 1597 elo
335 1559 416 1598 enses
433 1559 488 1599 non
503 1540 622 1599 intectus
636 1541 761 1617 adeoque

141 1614 279 1686 albicans,
312 1559 395 1675 dodie
429 1616 510 1692 nigro
538 1619 631 1675 colore
656 1618 760 1676 tinctus

140 1700 192 1753 est.
250 1692 373 1752 loculus
416 1693 493 1770 apud
535 1694 760 1771 Hindelopenses

140 1776 243 1829 terram
278 1770 369 1847 ipsam
404 1771 509 1847 tangit;
544 1769 619 1829 unde
651 1771 760 1848 phrasis

141 1847 166 1905 it
182 1847 229 1923 lpk
248 1848 313 1905 atiet
329 1866 376 1905 oer
387 1846 473 1917 ierde,
493 1849 565 1921 (solo
582 1848 665 1906 cubat
679 1849 760 1907 cade-

141 1922 759 2060 tt.i.⁰·'h⁰.ttt¹¹tittli”thetid

140 2076 221 2155 isque
240 2077 271 2136 in
290 2076 377 2136 cubili
395 2077 434 2136 ita
459 2077 601 2154 dirigitur,
621 2084 654 2137 ut
672 2078 759 2156 pedes

142 2153 245 2213 mortui
263 2154 381 2212 tendant
399 2154 430 2212 in
450 2155 603 2224 orientem,
626 2160 711 2230 caput
730 2156 758 2213 in

142 2230 323 2290 occidentem.
352 2230 440 2290 Oante
460 2231 553 2290 omnia
572 2232 759 2308 speculatum

139 2307 170 2366 in
184 2307 270 2367 cubili
283 2308 421 2379 funerali,
441 2312 501 2365 tum
515 2308 544 2365 in
560 2309 668 2367 caeteris
681 2308 759 2367 domi

140 2384 332 2454 conclavibus,
353 2385 449 2443 linteis
466 2384 618 2459 obtegunt,
639 2388 715 2463 quod
729 2392 755 2443 et

137 2460 212 2596 apag
241 2461 348 2597 itqqolas
379 2460 578 2610 Orkm'llmffi
601 2463 757 2597 inququqm

137 2558 154 2597 c
211 2556 244 2596 oo
311 2557 512 2596 inmorsus.
579 2558 656 2596 ran.
725 2558 756 2597 rs.

136 2614 174 2672 Π.
200 2616 276 2687 282).
311 2613 473 2684 (indevotis,
498 2634 548 2691 per
571 2616 676 2673 ostium
695 2636 757 2693 pro·

139 2690 232 2769 prium
252 2691 330 2760 elati,
352 2691 476 2750 loculum
497 2691 567 2767 tagit
586 2711 697 2768 pannus
717 2693 756 2750 la-

136 2786 207 2903 qlqus
221 2767 312 2858 niger,
325 2767 371 2826 oui
381 2768 599 2903 supersthnithr
610 2768 756 2903 liqteolqm

183 2863 294 2912 um,sr
334 2863 386 2903 ner
423 2864 530 2903 raees.
585 2864 698 2903 ocuum
731 2865 757 2903 a·

135 2926 209 2979 retro
227 2864 525 2998 impoditumffimtard
542 2921 690 2980 duodecim
705 2922 756 2979 viri

134 2998 276 3057 ramulum
301 3004 372 3056 rutra
396 2997 579 3073 graveolentis
599 2998 629 3056 in
648 3018 696 3057 ore
716 3004 756 3056 te-

135 3080 245 3145 nentes,
278 3074 396 3134 cadaver
427 3093 573 3151 puerperus
606 3075 651 3133 vel
684 3094 757 3153 aqua

134 3149 261 3210 suffocati
297 3151 386 3221 ulnis,
422 3156 582 3210 caeterorom
623 3152 755 3211 humeris.

134 3227 241 3286 auerte
267 3227 366 3286 Frisiis
385 3226 464 3286 audit
483 3227 612 3303 opdrapc,
633 3231 757 3301 (sarnum

134 3305 222 3373 terre,
241 3304 259 3363 i.
274 3308 310 3377 e.)
328 3304 361 3364 in
380 3304 481 3364 collem
494 3305 593 3380 templi
613 3306 651 3377 (it
663 3307 756 3380 hocf),

135 3380 183 3439 ubi
208 3380 357 3459 sepulchre
385 3386 459 3439 sunt.
499 3383 591 3452 (Acta
610 3383 691 3439 airdt
710 3402 756 3439 o-

133 3457 241 3533 dnpsa,
257 3458 301 3516 rel
315 3463 342 3516 to
354 3460 425 3533 toas
433 3458 536 3527 trecht,
552 3459 664 3516 effertur
677 3478 709 3517 ca
730 3478 757 3516 a·

133 3552 183 3593 ver
195 3533 343 3607 Aukouis.)
360 3534 429 3593 Cam
451 3553 511 3592 anae
549 3535 676 3593 uisuntur
688 3536 755 3593 dum

132 3610 218 3670 fuum
238 3610 402 3670 celebretur.
430 3553 594 3669 l'rocadunt
613 3630 664 3687 per
683 3612 756 3670 viam

133 3692 269 3747 oertmna
286 3687 397 3766 proavis
410 3687 529 3746 mortuis
542 3687 756 3747 determinatam

132 3769 162 3823 et
174 3764 323 3834 mucium,
342 3783 405 3842 quoe
421 3765 528 3842 tykeoei
540 3764 586 3822 vel
599 3766 757 3833 trieries-roei

132 3839 218 3900 audit
258 3840 317 3918 Qui
347 3848 457 3900 mortuo
483 3860 615 3918 suprema
641 3843 756 3900 solvunt

153 3922 264 3977 remunt
300 3917 448 3987 feretrum3
489 3918 618 3976 sacerdos
655 3938 755 3993 agmen

131 3936 226 4063 ducit3
253 3999 410 4072 sequnntur
434 3995 529 4071 agnati
552 3997 694 4052 staffines
714 4015 754 4052 se-

131 4069 257 4129 cundum
315 4070 435 4161 padum
486 4071 752 4145 consanguinitatis,

132 4144 258 4224 adeoquo
283 4146 369 4225 pnmi
389 4147 439 4225 qui
459 4148 579 4224 proximi
599 4157 680 4217 sunt;
708 4148 754 4206 de·

131 4222 199 4281 inde
217 4222 300 4283 amici
320 4229 349 4283 et
368 4223 453 4283 vicini
467 4243 568 4299 magna
581 4224 752 4302 frequentia,

130 4298 754 4454 ttttalttthtttllti‘iailt

129 4457 198 4511 totae
216 4458 344 4532 quantae,
370 4454 462 4530 capita
480 4473 538 4513 non
558 4460 687 4531 excepto,
708 4454 751 4511 in·

129 4528 233 4589 volutae
246 4529 335 4607 nigris
347 4529 457 4608 panuh.
491 4530 569 4589 Uxor
586 4530 750 4600 sacerdotis,

129 4606 176 4665 vel
198 4606 251 4666 hac
275 4606 390 4667 absente
416 4606 518 4665 mulier
542 4612 631 4685 nupta
656 4613 683 4666 et
704 4607 750 4664 ho·

1401 224 1457 282 ibt

1028 380 1218 444 Bruunwn.

834 461 971 531 faeminas,
1007 462 1082 521 lente
1114 458 1272 538 procedunt
1299 456 1455 534 singulares

834 542 905 600 alter
931 547 994 617 post
1020 540 1154 608 alterum,
1180 555 1235 595 nou
1256 535 1329 604 hini,
1355 542 1383 592 et
1403 534 1455 593 hoc

834 617 931 675 oraline
958 616 1073 674 memini
1099 621 1211 674 cantum
1243 612 1455 688 sexaginta-tres

835 694 961 752 homines
981 694 1065 752 funus
1080 692 1175 751 matris
1190 710 1259 749 mero
1272 689 1453 768 pientissimae

835 771 993 829 deduxisse.
1033 770 1089 828 Ubi
1111 774 1224 827 ventum
1246 774 1287 826 est
1307 766 1336 824 in
1356 785 1455 825 creme·

834 848 936 906 terium
955 848 1081 905 ambiunt
1103 846 1253 922 templum,
1274 843 1350 922 quod
1370 844 1399 902 in
1420 862 1453 901 eo

833 924 957 984 medium
984 932 1039 994 est,
1066 930 1215 1001 antequam
1235 921 1341 980 adeunt
1359 920 1453 998 sepul-

834 1002 946 1070 chrum;
974 1002 1049 1059 unde
1074 1001 1154 1059 fluxit
1172 1019 1226 1058 vox
1251 1018 1374 1075 namorp,
1401 997 1453 1056 cir-

834 1079 940 1149 cuitus,
961 1078 1098 1148 circuitio,
1119 1083 1217 1137 notans
1238 1095 1288 1135 exe
1308 1075 1377 1134 uias.
1406 1072 1453 1132 Ad

834 1156 909 1214 istud
929 1175 993 1213 cum
1013 1155 1197 1223 advenerunt,
1218 1095 1386 1230 vespiliones
1406 1151 1454 1209 de·

834 1233 949 1290 mittunt
975 1232 1099 1290 loculum
1126 1232 1155 1289 in
1181 1232 1297 1289 humum
1328 1228 1454 1307 proxime

834 1309 1009 1367 adstantibus
1028 1308 1256 1383 consanguineis,
1280 1313 1454 1384 terramque,

834 1405 890 1463 qua
909 1386 1038 1444 obruitur
1057 1386 1181 1454 loculus,
1202 1385 1232 1442 in
1253 1384 1393 1442 tumulum
1407 1402 1454 1457 ag-

834 1469 932 1539 gerant
945 1469 1066 1521 acutum.
1083 1461 1169 1520 Nunc
1182 1481 1233 1538 per
1249 1462 1365 1519 eandem
1381 1460 1452 1518 viam

835 1546 862 1598 et
873 1540 972 1597 eodem
983 1539 1082 1597 ordine
1090 1539 1294 1615 regrediuntur,
1308 1538 1374 1595 ‹lum
1383 1556 1455 1595 canr-

835 1636 914 1693 pauso
935 1616 1126 1674 indesinenter
1147 1620 1177 1672 nt
1198 1620 1262 1673 ante
1281 1616 1454 1692 sepulturam

835 1694 991 1770 pulsantur.
1003 1694 1101 1751 Totam
1110 1692 1289 1768 stipationem
1299 1692 1329 1749 in
1340 1691 1455 1750 donnum

835 1771 937 1828 mortui
951 1789 1088 1829 reversam
1103 1768 1225 1827 haeredes
1240 1769 1357 1845 panibus
1371 1786 1453 1827 cruce

834 1848 935 1905 notatis
965 1848 1190 1919 (trisulca-toalea)
1220 1866 1254 1904 ex
1285 1846 1356 1904 farre
1385 1845 1455 1903 triti·

834 1942 882 1983 ceo
909 1925 971 1982 uvis
997 1923 1174 1982 corinthiacis
1200 1923 1304 1992 mixto,
1335 1923 1454 2000 panibus

833 2001 963 2071 triticeis,
993 2020 1086 2070 casco,
1118 2000 1234 2077 butyro,
1267 2000 1453 2077 cerevisiaque

834 2078 928 2155 tcpida
955 2077 1110 2154 excipiunt,
1137 2077 1211 2153 quod
1238 2076 1386 2153 prandium
1413 2096 1455 2134 sa·

832 2155 930 2212 cerrlos
956 2154 1104 2228 instigaret
1133 2153 1262 2229 precibus
1293 2159 1321 2211 et
1350 2152 1454 2211 claudit

833 2231 985 2307 gratiarum
1019 2231 1134 2288 actione.
1189 2229 1339 2299 Aliiuibus,
1381 2229 1453 2287 mela

833 2307 992 2366 valetudiue
1011 2306 1088 2364 domi
1102 2306 1231 2374 retentis,
1254 2306 1378 2364 haeredes
1392 2307 1455 2364 mit·

832 2391 896 2442 tunt
922 2403 1009 2460 panes
1036 2384 1143 2442 ferales.
1177 2383 1247 2440 Aliis
1268 2384 1336 2442 locis
1356 2383 1454 2441 Frisiae

831 2461 955 2520 heoredes
977 2460 1141 2519 comitatum
1162 2461 1344 2536 exequiarum
1365 2460 1455 2518 delec-

831 2544 892 2597 tant
920 2538 1014 2615 pernis
1035 2542 1063 2595 et
1083 2535 1180 2594 calidis
1201 2537 1328 2607 lerculis3
1356 2538 1454 2595 harum

832 2634 930 2674 omncs
951 2614 1077 2690 reliquiar
1097 2619 1248 2688 erogantur
1269 2614 1456 2692 pauperibus,

832 2693 881 2770 qui
907 2710 1054 2749 corvorum
1083 2690 1228 2748 lethalium
1248 2692 1336 2748 instar
1355 2709 1456 2767 vagan-

831 2776 877 2826 tur
903 2768 975 2826 circe
1000 2768 1113 2825 domurn
1143 2768 1254 2825 mortui.
1294 2768 1376 2826 Hanc
1403 2767 1455 2825 nri·

830 2845 988 2904 aerioordiae
1001 2844 1249 2918 significationem,
1268 2862 1353 2920 quam
1367 2844 1455 2902 nostri

830 2922 938 2990 coloni,
967 2926 1000 2978 ut
1029 2920 1102 2978 viros
1132 2919 1235 2978 liberos
1265 2921 1395 2989 decebat,
1425 2921 1454 2979 in

831 2999 933 3074 :inglie
950 2997 1170 3066 continuabant,
1191 2998 1340 3087 descripsit
1354 2996 1456 3055 Walte-

831 3094 879 3134 rus
899 3075 1011 3134 Scottus
1031 3073 1061 3131 in
1082 3074 1177 3132 fabula
1196 3075 1310 3132 melesra
1324 3075 1454 3133 Ivanhoe.

833 3152 886 3210 llla
917 3152 1100 3229 exequiarum
1136 3151 1227 3226 justa,
1257 3152 1359 3241 quibus
1380 3171 1455 3228 sacpe

832 3247 901 3305 puer
931 3229 1060 3296 interlui,
1096 3227 1177 3285 hodie
1204 3238 1307 3305 partim
1332 3228 1454 3286 obsoles-

831 3310 907 3364 cunt.
916 3303 1080 3375 Weinhold,
1097 3307 1127 3361 rh.
1140 3304 1177 3362 N.
1189 3305 1222 3362 L.
1233 3306 1298 3374 474,
1309 3310 1377 3373 489,
1388 3305 1454 3364 497.

869 3382 938 3440 (lum
978 3381 1063 3439 Frisii
1096 3381 1168 3438 inter
1201 3382 1392 3440 Scandinavos
1426 3387 1454 3439 et

831 3457 984 3516 Germanos
1017 3458 1115 3532 lingua
1148 3466 1175 3513 et
1209 3458 1333 3516 moribus
1369 3457 1454 3516 medii

831 3534 886 3592 sint
906 3540 1061 3592 memoratu
1075 3531 1191 3608 dignum
1205 3543 1247 3592 est
1268 3532 1339 3592 duos
1355 3534 1455 3593 iratres

830 3610 959 3669 Ialandos
992 3611 1026 3667 ad
1060 3610 1143 3668 funus
1175 3611 1262 3685 patris
1293 3610 1455 3670 invitaviase

831 3688 908 3746 mille
935 3692 963 3745 ct
983 3687 1120 3744 ducentos
1142 3684 1286 3756 homines,
1314 3707 1384 3765 quos
1405 3706 1456 3764 per

830 3764 1046 3841 quatuordecim
1061 3762 1122 3820 dies
1136 3763 1215 3822 laute
1230 3763 1376 3823 habebant.
1396 3763 1456 3823 Me-

830 3842 926 3899 moria¹
948 3839 1073 3917 produnt
1087 3840 1174 3898 alium
1191 3841 1322 3900 Islandiaa
1335 3841 1455 3900 incolam

830 3937 880 3994 per
906 3917 1026 3977 eundem
1051 3916 1160 3975 dierum
1182 3937 1331 3976 numerum
1352 3917 1455 3977 aluisse

830 4000 986 4069 nongentos
1012 3993 1154 4063 homines,
1176 4013 1247 4071 quos
1267 3995 1384 4072 insuper
1404 3994 1454 4052 do·

829 4071 872 4129 nis
901 4076 998 4129 auctos
1026 4071 1139 4128 domurn
1169 4071 1311 4140 mittebat,
1342 4077 1370 4128 et
1394 4070 1455 4129 hauc

829 4146 1019 4205 munificentia
1045 4166 1094 4204 erro
1116 4147 1197 4204 uialis
1218 4166 1274 4204 rrorr
1296 4152 1405 4205 tantum
1425 4146 1454 4205 in

828 4223 965 4292 Islanslia,
986 4223 1035 4280 sed
1050 4223 1082 4281 in
1096 4166 1243 4299 llorwegia
1264 4227 1290 4280 et
1304 4242 1354 4300 per
1366 4227 1454 4282 totam

828 4299 1041 4358 Soandiuaviam
1050 4299 1454 4358 Germanicamsoleuniserat.

827 4375 893 4451 Quo
914 4376 1090 4434 numerosior
1107 4375 1304 4451 exsequiarum
1324 4376 1453 4452 stipatio,

826 4471 859 4511 eo
880 4453 1014 4527 majorem
1041 4456 1152 4509 mortuo
1173 4452 1307 4510 honorem
1326 4453 1451 4512 tribuere

825 4530 969 4605 putabant.
980 4529 1078 4605 Peroy‚
1089 4526 1231 4586 Northern
1239 4529 1335 4607 Antiq.
1348 4550 1374 4607 p.
1382 4533 1447 4589 eol.

862 4606 896 4664 In
918 4605 999 4663 ltalia
1019 4606 1094 4662 utin
1113 4604 1204 4663 Frisia
1217 4606 1337 4664 laeminrc
1352 4606 1449 4666 affines'

129 4686 220 4754 neate,
245 4682 282 4742 ab
307 4683 466 4743 heredibus
484 4684 600 4754 selecta,
626 4690 748 4743 anteces-
822 4702 936 4740 suorum
965 4688 1139 4741 mortuorum
1169 4682 1303 4761 exequias
1335 4683 1447 4761 peditus

53 4837 59 4848 .
127 4760 237 4821 doum
255 4758 347 4821 habet.
381 4760 502 4831 Omnes,
527 4765 588 4821 tum
613 4760 667 4820 viri
686 4767 747 4820 tum
820 4767 988 4838 sequuntur,
1014 4759 1093 4836 cujus
1112 4759 1197 4819 moris
1217 4759 1296 4820 testis
1316 4760 1446 4821 oculatus
