3256 5310
135 212 186 267 101

326 361 594 422 AMSKAFTANG.

172 440 238 495 liora
273 440 331 496 est?
380 445 480 515 ,imper
509 459 560 498 oon
589 439 700 510 middei,
730 440 804 498 feret

171 516 238 573 liora
268 515 447 586 duodecima,
489 517 548 590 (lsl.
579 523 608 574 nt
630 537 729 594 pinara
754 517 786 586 ἅ,

171 593 269 650 leviter
282 597 415 670 tangere.)
442 597 541 669 Ampe
555 595 686 652 trieterica
695 594 786 670 pond,
801 652 803 657 ,

1421 205 1474 260 loe

1080 359 1217 419 aneni.

860 458 910 516 per
923 455 1074 515 apocopen,
1089 458 1145 495 non
1160 458 1209 515 per
1223 437 1392 515 aphaeresim
1408 456 1473 497 nam

859 515 986 575 end-duod
1012 519 1149 592 repugnat
1174 516 1256 591 genio
1280 515 1397 592 lingum,
1425 517 1474 594 qui

880 593 1042 652 radicatum
1063 592 1161 650 ordine
1182 593 1303 669 primum
1325 593 1391 651 vult.

171 671 228 726 lere
249 669 346 746 viginti
368 672 454 730 librae.
495 671 605 747 Angd.
626 691 730 746 emper,
752 672 846 741 st.,n
878 671 917 738 D,
939 685 1014 738 uno,
1036 670 1100 727 Fr.
1121 670 1243 746 (copula)
1259 675 1294 727 et.
1324 670 1472 745 eigsand,

170 745 284 815 vitium,
314 747 411 806 vitium
432 749 518 816 cutis,
544 747 674 807 desectus.
696 748 739 806 rb.
760 754 786 805 to

170 841 273 896 arripior,
295 823 441 901 depravari
461 843 598 901 saporem.
632 826 665 883 In
687 825 802 882 Cantioi

170 899 295 973 ampered
325 904 426 971 ederae,
456 920 551 960 caseus
584 921 726 970 acescens,
756 896 802 958 in*

170 976 376 1052 corruptionem
407 998 532 1054 vergens.
563 1011 601 1022 -
631 978 678 1036 Isl.
703 998 785 1053 epar,

170 1052 223 1126 adj.
246 1072 342 1130 asper,
364 1055 442 1114 noris.
474 1058 552 1129 Aper
572 1055 661 1131 eptae,
681 1074 786 1112 saevum

170 1128 265 1204 frigus.
305 1131 344 1188 Ut
370 1152 403 1189 ex
432 1133 478 1190 Nl.
507 1133 634 1206 depereo,
666 1132 802 1202 herere,

169 1205 319 1281 impedire,
350 1210 420 1284 ling.
447 1214 474 1266 to
497 1211 618 1283 laruper,
645 1209 683 1266 ita
704 1214 731 1265 et
752 1228 785 1266 ex

171 1301 240 1356 aper
260 1283 291 1339 fit
311 1305 414 1359 suaper,
441 1285 553 1343 Suethis
572 1285 648 1362 quod
668 1285 724 1342 nori
744 1291 785 1342 est

169 1378 275 1435 sapore.
310 1363 374 1436 lige.
393 1365 469 1436 osor,
491 1363 565 1434 esre,
586 1361 692 1431 acidus,
713 1381 785 1419 arna·

169 1455 223 1492 rus.
269 1436 301 1493 Iu
333 1439 449 1497 eandem
481 1438 554 1495 viem
582 1440 639 1495 sere
666 1438 785 1496 trahitur

170 1512 228 1569 int.
243 1533 334 1587 asper,
355 1516 444 1586 rudis,
466 1515 551 1572 durus
565 1535 678 1592 sapore3
698 1515 801 1624 oinurap

168 1608 302 1662 (ceperum,
334 1592 351 1649 i.
386 1613 408 1650 e.
438 1591 590 1661 aoidulnm,
624 1594 693 1663 Ang.
723 1611 801 1649 aaut.

168 1667 241 1723 raino.
272 1667 332 1726 Gal.
345 1689 368 1726 v.
390 1689 481 1744 aspre,
502 1668 602 1738 durus,
624 1668 715 1737 rudis;
738 1668 786 1727 do·

860 747 890 803 F.
916 746 977 814 ind,
1002 747 1038 804 in.
1078 747 1174 803 Sauv.
1202 746 1276 815 endi,
1305 746 1368 804 Hol.
1396 747 1472 815 ende,

860 823 940 880 hodie
971 842 1008 880 ea.
1060 823 1133 879 Note
1159 825 1224 898 Age.
1252 824 1307 879 aad
1336 830 1364 880 et
1393 824 1473 882 va.

860 900 929 967 enata,
944 899 1137 975 pra=te1·„et,'’
1153 919 1264 977 quoque
1279 905 1373 957 notare
1388 945 1403 968 „
1416 901 1473 971 sed,

860 976 976 1033 antem.''
1007 976 1078 1033 Vide
1099 977 1225 1052 exempla
1245 979 1310 1052 eigs.
1332 977 1407 1053 apud
1426 978 1474 1034 ut-

860 1053 1008 1111 mullerum
1036 1053 1082 1121 12,
1113 1057 1140 1109 et
1160 1053 1205 1110 adi
1226 1072 1301 1111 meas
1321 1052 1473 1111 annotatio-

859 1149 908 1186 nes
928 1130 957 1186 in
977 1135 1042 1187 tom.
1065 1129 1105 1186 IV
1128 1131 1264 1187 Moerlunt
1277 1131 1396 1204 Spieptet
1410 1131 1473 1187 Hia-

859 1207 967 1275 toriaet,
988 1206 1037 1264 ubi
1057 1226 1083 1283 p.
1106 1206 1158 1265 575
1177 1207 1296 1264 citantur
1310 1206 1390 1264 Nl.v.
1404 1208 1471 1265 loca.

859 1283 929 1340 Haec
949 1283 1025 1341 notio
1045 1287 1104 1340 orte
1124 1282 1234 1341 videtur
1254 1303 1289 1341 ex
1310 1283 1392 1341 Goth.
1407 1283 1473 1354 arrd,

859 1363 967 1428 eontra,
992 1359 1021 1416 in
1048 1359 1148 1417 talibus
1176 1360 1349 1430 ando-staua,
1376 1360 1473 1419 orirer·

858 1436 961 1506 sarius,
982 1442 1042 1495 cat.

820 1513 965 1583 rlNDEL,
992 1512 1057 1570 F.o.
1081 1532 1194 1588 gramen
1216 1515 1258 1572 vel
1280 1516 1393 1571 foenum
1414 1514 1472 1590 gly-

859 1589 938 1648 oerim.
971 1590 1086 1647 marinae
1116 1589 1144 1646 in
1175 1610 1246 1665 pago
1278 1590 1472 1667 llarlingensi,

858 1666 924 1725 Hol.
956 1667 1155 1741 trcelder-pma,
1183 1667 1350 1742 deenrdpros.
1396 1667 1470 1725 Hall.

170 1743 236 1800 loris
259 1743 301 1801 vel
322 1746 455 1804 molestiae
476 1745 584 1821 plenus.
621 1746 684 1803 Gal.
704 1745 783 1820 dpre,
859 1764 885 1819 p.
907 1746 970 1801 259.
1010 1743 1186 1820 Stiirenberg.
1208 1749 1233 1801 4.
1256 1748 1281 1802 6.

169 1819 269 1888 durus,
291 1820 393 1879 durrrm
408 1823 513 1881 habens
526 1840 663 1900 saporem.
690 1821 751 1880 Gal.
760 1842 784 1881 v.
820 1820 989 1891 ANDELE,
1013 1840 1040 1877 n.
1062 1841 1088 1897 p.
1109 1820 1168 1877 viri.
1208 1821 1331 1891 Andeda,
1352 1821 1470 1890 Andelu,

169 1902 289 1987 aspirasse,
317 1900 451 1958 molestia.
478 1902 512 1958 ol.
538 1901 596 1957 Lat.
614 1918 701 1974 pone,
724 1866 801 1957 Gall
858 1897 962 1967 Andlo,
984 1917 1011 1955 u.
1032 1904 1139 1974 patron.

131 1994 185 2105 App
201 1993 292 2046 perne,
313 1994 387 2076 (rere¹
390 1978 480 2051 peine,
506 1975 561 2034 rix.

158 2050 467 2204 suune,
483 2053 784 2262 pensitans.-

1179 1897 1259 1954 Idem
1280 1917 1342 1956 oum
1360 1898 1472 1955 nomine

858 1974 972 2052 proprio
993 1974 1045 2032 viri
1060 1974 1177 2033 Gothioo
1192 1975 1278 2033 seculi
1292 1975 1382 2052 quinti
1396 1974 1472 2051 apud

857 2050 1026 2185 pgpnnialppglem
1038 2051 1156 2120 dadolo,
1167 2072 1192 2110 u.
1205 2072 1231 2128 p.
1244 2072 1267 2110 v.
1279 2053 1394 2121 stadele,
1406 2071 1432 2110 n.
1445 2071 1473 2128 p.

168 2202 364 2262 subterrestres
386 2206 429 2280 (F.
449 2207 489 2262 iar
507 2208 635 2274 -aaonkeo,
658 2207 723 2264 F.b.
742 2226 785 2264 on·
822 2203 1000 2274 ANDERN,
1029 2220 1164 2274 annueri,
1192 2225 1218 2262 n.
1245 2207 1274 2262 F.
1284 2204 1308 2263 b.
1336 2206 1470 2269 lenestr·a;

168 2280 383 2352 norheuntieaea)
429 2282 587 2340 clanculum
630 2301 680 2358 pro
720 2303 802 2345 vero.

168 2355 274 2414 infante
306 2358 334 2415 in
365 2359 443 2417 cuuis
474 2366 695 2435 supposuerunt;
730 2359 802 2418 Hd'

168 2433 340 2509 rceedeeldalp.
375 2436 456 2494 Hane
476 2435 709 2513 permutationem
728 2443 786 2494 tun·

167 2514 227 2566 tum
268 2519 332 2569 ante
368 2512 538 2589 baptismum
575 2512 689 2570 infantis
725 2514 784 2572 lieri

168 2605 249 2661 posse
276 2589 438 2658 eredebant;
465 2609 525 2647 eam
545 2595 639 2648 autem
660 2600 801 2648 antenor-¹

167 2662 261 2720 iebant
281 2666 372 2740 posita
393 2667 420 2723 in
442 2667 520 2724 cunis
541 2667 641 2724 forfice.
675 2667 801 2743 Corpus,

168 2758 311 2815 puerperae
351 2749 468 2801 mortuae
505 2762 561 2801 una
596 2762 660 2800 cum
692 2745 801 2804 forfice}

165 2817 308 2892 sepelitur.
350 2819 450 2878 Johan.
472 2823 496 2878 3.

859 2281 987 2358 proprie,
1019 2281 1172 2356 spiramen,
1200 2282 1248 2340 Isl.
1276 2281 1360 2351 ando,
1388 2301 1430 2338 res
1452 2281 1472 2337 i·

860 2377 933 2426 mre,
956 2358 1030 2416 Sooti
1051 2357 1143 2426 uiride,
1164 2357 1245 2416 idem.
1287 2358 1402 2415 Veteres
1423 2301 1471 2414 do-

861 2453 969 2492 morum
996 2434 1129 2492 fenestras
1156 2454 1210 2493 non
1235 2433 1400 2493 claudebant
1420 2441 1473 2491 tes·

859 2512 923 2570 salis
961 2511 1062 2568 vitreis.
1116 2512 1182 2586 eigs.
1215 2533 1282 2582 carra,
1319 2513 1473 2570 multorum

858 2588 1093 2646 substantivorum
1115 2589 1270 2647 terminatio
1292 2595 1347 2657 est;
1368 2609 1410 2646 ex.
1432 2609 1472 2664 gr.

859 2669 924 2740 Age.
955 2666 1092 2734 bere-cern,
1111 2662 1199 2741 'lug
1229 2667 1309 2735 burra,
1341 2665 1473 2722 frumeuti

859 2744 950 2811 locus;
990 2742 1129 2812 dour-carn,
1167 2743 1302 2812 tribunnl;
1335 2744 1470 2816 alep-ern,

799 2827 801 2876 Ξ
858 2818 1031 2887 cubiculum,
1053 2825 1112 2877 eant.
1147 2819 1231 2877 Haud
1251 2820 1332 2877 aliter
1346 2819 1471 2887 und-eru,

799 2891 801 2973 J
860 2895 1061 2972 (respirationis
1095 2897 1229 2971 foramen)
1262 2896 1471 2974 spiramentum.

129 2970 196 3038 AN,
224 2990 310 3047 prup.
339 2974 369 3031 F.
378 2973 403 3032 b.
430 2974 480 3043 ad,
507 2974 544 3031 iu.
588 2976 632 3031 An
658 2992 801 3046 aornrom,=
859 2976 924 3047 Ags.
939 2992 1002 3043 aern,
1018 2992 1044 3030 u.
1059 2973 1144 3042 locus,
1159 2975 1236 3032 locus
1246 2973 1386 3042 secretior,
1400 2992 1471 3032 casa.

164 3049 313 3117 dornoniam,
342 3055 451 3121 aestate,
484 3055 632 3120 autumna,
662 3050 692 3108 F.
722 3052 801 3136 stirap
821 3050 986 3118 ANDERS,
1014 3070 1039 3107 u.
1067 3071 1093 3128 p.
1113 3051 1173 3109 viri.
1214 3051 1347 3110 Andreas.
1388 3049 1472 3125 Angli

165 3142 246 3194 mm,
267 3125 422 3196 terirslruea,
444 3127 527 3185 idern.
558 3129 622 3203 dgs.
636 3147 669 3185 on
682 3128 800 3196 rniddre,
858 3127 942 3186 otiam
962 3128 1078 3186 inversis
1099 3127 1186 3186 literis
1207 3128 1399 3201 (eludens-son)
1417 3130 1472 3184 ,ln-

168 3201 254 3270 nidle,
283 3202 375 3261 media
402 3209 496 3273 noete,
525 3207 596 3279 Aug.
623 3224 655 3261 on
666 3204 800 3282 fridoy,l
858 3205 965 3273 daneon,
986 3225 1012 3261 u.
1034 3210 1141 3281 patron.

167 3277 212 3335 die
240 3280 362 3349 veneris,
390 3281 469 3338 va.
496 3301 544 3338 oen
571 3281 620 3339 den
647 3273 800 3355 miditatem}
820 3281 914 3350 ANG,
935 3301 974 3356 og.
996 3281 1092 3338 salutis
1113 3281 1195 3339 nitor.
1229 3285 1295 3339 Doer
1314 3282 1361 3337 leit
1375 3299 1426 3356 orep
1439 3300 1471 3356 op

167 3353 258 3411 media
286 3356 346 3425 die;
377 3378 425 3414 oen
455 3358 503 3416 den
533 3359 632 3428 seond,
660 3377 800 3435 vesperej
857 3358 905 3414 dut
936 3359 1011 3425 dein,
1050 3357 1141 3416 iulans
1171 3359 1218 3415 ille
1249 3359 1318 3415 uitet
1348 3357 1473 3415 sanitate.

128 2893 197 2961 AN,
220 2894 354 2953 molestia.
396 2897 468 2955 Vide
488 2917 538 2953 orn.

167 3430 264 3488 Johau.
288 3435 332 3488 80.
798 3484 800 3527 ί

798 3444 800 3479 Ι
858 3436 955 3510 Aeque
983 3435 1054 3492 valet
1080 3434 1115 3492 de
1136 3435 1254 3493 laevitate
1275 3435 1381 3492 nitente
1401 3434 1472 3490 eritis

129 3511 299 3577 austum,
327 3508 387 3566 adv.
409 3512 437 3567 F.
447 3512 473 3568 b.
495 3511 576 3580 ilino,
597 3511 698 3570 statim.
737 3512 800 3585 dog

168 3583 230 3641 han.
254 3588 298 3643 80.
338 3586 386 3644 Nl.
408 3588 568 3646 aon-stonde.

131 3660 199 3728 AN,
220 3662 250 3718 F.
261 3661 285 3719 b.
307 3682 390 3722 uuus.
430 3666 495 3741 Ags.
517 3665 565 3734 ria,
587 3667 616 3722 F.
625 3685 648 3723 v.
671 3665 718 3734 cira,
739 3664 782 3736 eiu,

168 3737 199 3794 F.
220 3739 269 3797 ien.
319 3739 383 3799 ub.
415 3743 464 3810 dn,
498 3760 584 3810 unus3
622 3743 682 3811 oin,
713 3762 782 3812 nna,

167 3834 269 3883 unurn;
301 3816 388 3885 Noin,
419 3819 527 3886 nullus,
549 3819 638 3887 nulla,
660 3820 783 3889 nullum,

168 3892 196 3949 F.
218 3893 278 3960 nire,
306 3895 377 3969 Aug.
399 3914 478 3961 notre,
504 3895 536 3953 F.
558 3896 579 3953 Ι.
602 3899 646 3954 23.
667 3896 801 3971 sindpet,

168 3968 222 4042 adj.
243 3968 348 4038 luscus,
375 3970 411 4028 ib.
441 3972 484 4031 87.
506 3974 614 4041 niutan,
643 3994 668 4030 n.
689 3993 733 4042 ns,
754 3973 800 4030 in

168 4044 324 4103 chartarum
345 4047 428 4117 ludo,
450 4049 481 4106 F.
502 4049 523 4105 Ι.
544 4049 608 4108 357.

130 4119 228 4189 nnn,
249 4122 312 4179 aa.
327 4142 393 4180 anas
414 4125 539 4193 famina,
561 4127 598 4201 pr.
619 4127 693 4184 aaa.
731 4112 801 4187 snei

171 4198 234 4265 end,
261 4198 299 4274 pl.
324 4218 417 4268 ennam
445 4202 476 4258 F.
498 4202 557 4268 eiu’,
577 4221 618 4278 eg.
645 4203 682 4279 pl.
703 4203 784 4260 einen.

168 4274 255 4331 Einea
282 4275 330 4331 ind
356 4277 461 4346 edrden,
492 4283 586 4335 anates
613 4278 731 4336 faemina
758 4283 786 4336 et

166 4364 266 4408 mares.
293 4352 388 4422 (arrad,
413 4355 478 4428 aad)
496 4356 559 4428 dgs.
575 4356 660 4426 cased,
675 4355 781 4422 ened,f
802 4363 803 4368 ’

168 4447 248 4494 anaS,
287 4428 346 4485 Lat.
382 4450 461 4499 arras,
496 4431 583 4487 arratis
624 4431 641 4489 f.
702 4432 802 4507 Angli.

168 4504 282 4580 speciali
312 4507 424 4563 nomine
455 4507 555 4580 rejecto
582 4490 802 4584 adoptaveruntl

168 4582 296 4658 generale
317 4583 374 4640 aris
395 4602 455 4641 sese
476 4587 625 4659 mergentis
646 4586 785 4655 strichet·

168 4659 271 4736 lyptioe
302 4680 352 4736 pro
383 4661 542 4735 deret-forol,
573 4665 615 4719 vel
643 4663 783 4733 duct-ead,

169 4737 251 4812 (Aug.
272 4742 298 4794 to
318 4739 399 4808 duod,
423 4738 453 4797 F.
473 4739 555 4808 date,
576 4740 683 4816 mergi.)
710 4747 801 4799 certor

858 3511 942 3587 talpae
975 3511 1019 3567 vel
1053 3511 1122 3568 felis.
1176 3511 1246 3569 Cum
1279 3510 1472 3568 terminatione

858 3589 894 3644 -el
913 3589 1000 3663 onpel,
1022 3586 1096 3644 nitor
1115 3588 1273 3664 plantarum
1289 3586 1473 3654 laetificarum,

859 3664 931 3722 nitor
975 3664 1169 3722 eillorosoentis
1208 3663 1349 3739 gruminis.
1407 3666 1473 3721 Doer·

857 3742 906 3798 leit
928 3741 1003 3816 asper
1025 3760 1058 3815 op
1079 3741 1102 3797 it
1120 3740 1182 3810 tcia',
1204 3741 1273 3799 nitet
1293 3741 1388 3817 vigore
1409 3760 1472 3814 pra-

860 3826 928 3876 tum.
953 3851 991 3862 -
1017 3817 1064 3874 Isl.
1085 3838 1150 3894 unp,
1181 3839 1279 3895 (crepon,
1306 3818 1383 3892 angi,
1408 3819 1472 3884 llos,

858 3895 1024 3964 amoenitas,
1048 3894 1205 3971 fragrantia.
1239 3895 1328 3953 Edda.
1342 3895 1364 3952 I.
1381 3895 1473 3951 Gloss.

799 4050 801 4101 i
822 4049 965 4118 ANGEL,
985 4069 1026 4123 og.
1040 4049 1163 4117 aouleus;
1185 4048 1215 4105 di
1228 4049 1304 4123 erepet
1333 4066 1364 4103 ea
1379 4048 1420 4102 iera
1434 4047 1474 4115 di,

859 4124 997 4200 spiculum
1019 4125 1086 4201 apis.
1102 4124 1222 4183 —Tela
1242 4051 1370 4201 quandam
1392 4121 1475 4179 cellu-

860 4201 925 4258 laris
955 4208 1109 4277 suppurata
1138 4202 1245 4258 bannens
1274 4201 1303 4258 iu
1330 4200 1475 4268 abscessu,

860 4278 889 4335 in
911 4278 1046 4353 perraritio
1067 4278 1109 4352 (F.
1123 4282 1201 4354 spt),
1221 4278 1250 4335 in
1267 4276 1414 4334 firrunoulo
1430 4277 1473 4348 (F.

859 4354 1046 4428 aljinsrooltem)
1053 4381 1064 4421 ,·
1079 4354 1108 4411 in
1122 4372 1235 4427 genere,
1250 4352 1373 4411 medulla
1386 4353 1475 4410 solida

860 4430 959 4490 ulceris
985 4432 1175 4507 suppurantia.
1210 4431 1323 4488 Rustica
1346 4429 1473 4507 quaedam

859 4512 1006 4585 aperuerat
1027 4508 1206 4566 luruuoulum
1223 4508 1252 4565 iu
1267 4507 1316 4566 filii
1329 4507 1433 4565 femore
1448 4517 1476 4563 et

859 4586 971 4643 fratrem
1003 4604 1096 4642 meum
1125 4585 1290 4653 Feleonem,
1321 4583 1474 4651 medicum,

859 4662 1021 4733 oonsuleus,
1054 4663 1099 4719 Wr'
1116 4663 1225 4733 dozarae,
1249 4662 1406 4740 inquiebat,
1432 4661 1476 4715 Wr'

858 4742 955 4799 darom
974 4760 1002 4798 er
1023 4740 1066 4799 ien
1086 4739 1149 4817 dinp
1167 4742 1262 4799 attolle
1282 4760 1312 4798 oe
1332 4741 1372 4796 iera
1388 4737 1477 4794 eorke-
