3256 5310
128 209 195 299 rae¹

387 358 528 421 ΒΑΚΚΕ.
803 390 806 425 r

167 438 259 499 aeros?
297 438 383 498 Troil.
407 440 429 496 b
450 439 538 497 Crosa.
559 441 619 498 Act.
641 439 673 496 V.
694 439 736 497 Sc.
760 441 783 496 1.

167 520 220 576 Pro
239 517 328 585 dotet,
349 515 413 574 dial.
433 516 583 574 Yorksbire
597 517 680 575 habet
696 517 783 575 berkin'
802 564 805 585 ,

168 615 201 653 ex
232 594 335 670 taking.
375 593 440 651 Hel.
466 613 510 652 reo
534 595 670 669 perarate,
699 614 783 670 prava

168 672 277 730 mulier.
292 702 331 714 -
344 670 424 727 Prov.
438 672 500 727 Alte
510 671 602 728 baltea
616 670 665 728 ind
676 673 782 729 tronea
802 716 804 723 .

166 751 238 806 loelre
270 752 332 804 naet
365 748 465 822 clipeare
497 749 560 817 recl,
594 748 726 806 Burman.
758 740 804 806 2.'

166 830 232 899 (non
252 824 342 882 omnis
363 825 443 900 panis
463 832 575 882 coctura
597 832 624 882 et
645 826 782 883 cerevisiae

1417 211 1472 270 loa

859 445 887 497 et
907 440 1030 499 faustum
1053 437 1236 500 dedenarium
1260 439 1363 500 redeat.
1403 440 1473 502 Haec

858 517 1033 596 superstitio,
1066 525 1126 577 tum
1159 518 1304 596 antiquam
1336 517 1471 591 Frisium,

858 601 917 652 tum
938 600 1024 653 totam
1044 595 1175 672 bugliam
1194 594 1329 671 pervadit.
1369 596 1473 656 Brand.

858 672 957 748 Popul.
985 673 1080 749 Antiq.
1106 672 1183 729 Ellis.
1203 672 1257 732 III.
1278 675 1341 732 264.
1374 674 1472 732 Frisiis

857 749 1025 806 australibus
1052 754 1117 806 nota
1137 768 1215 824 saga,
1243 768 1306 826 quac
1333 750 1397 808 sinu
1418 751 1472 809 lao-

857 831 902 882 teo
928 832 1005 883 vecta
1025 845 1076 902 por
1095 844 1171 883 marc
1191 826 1349 903 appellebat
1369 828 1404 885 ad
1425 828 1473 886 cli·

857 921 921 959 vum
937 901 1052 961 rubrum
1065 904 1203 972 Stavorae,
1218 906 1278 960 erat
1291 903 1347 961 lilia
1357 903 1472 980 pistoris

166 901 263 959 mixtio
305 919 417 977 rosperc
438 901 573 973 succedit)
594 902 645 958 lroc
672 921 783 978 prover·

167 979 211 1036 bio
231 921 340 1034 infabre
361 978 433 1035 facta
453 984 580 1035 excusata
604 978 707 1035 volunt.
801 996 803 1059 f
856 978 1026 1038 Enohusani.
1062 979 1178 1055 Shalrsp.
1198 979 1320 1038 Hamlct.
1340 982 1401 1039 Act.
1421 980 1472 1039 IV.

128 1055 274 1123 boisel,
293 1075 319 1111 n.
339 1053 414 1111 idem
436 1055 512 1130 quod
531 1056 600 1112 batt.
638 1056 699 1111 fille
720 1056 803 1111 bak-¹
857 1056 899 1113 So.
931 1059 955 1112 5.
1005 1056 1147 1133 Orphelia.
1202 1057 1281 1125 Well,
1317 1055 1378 1114 God
1405 1056 1471 1115 diac

165 1133 215 1188 sela
234 1131 283 1188 ind
300 1132 415 1187 brocsela
424 1133 499 1205 ⁸falle
512 1136 560 1188 not
573 1132 645 1206 allplr
659 1136 694 1187 at.
723 1132 803 1191 Hel·
853 1151 914 1207 poa.
955 1133 1026 1208 Tlep
1050 1153 1090 1190 aar
1125 1135 1167 1190 rae
1186 1134 1249 1190 orode
1269 1153 1322 1190 roas
1342 1154 1358 1190 c
1379 1134 1472 1191 dalem

166 1210 273 1266 Booten
300 1208 355 1264 und
378 1208 475 1264 brocca
498 1210 593 1283 perdit
619 1209 692 1265 nirbt
717 1188 803 1333 olle-p
855 1208 991 1283 doapbter.
1026 1155 1129 1267 Collier
1149 1210 1221 1267 male
1242 1209 1325 1268 habat
1348 1210 1409 1268 cort
1423 1210 1474 1267 'ild

166 1286 226 1342 mal.
245 1317 285 1329 -
305 1283 359 1341 Pro
380 1284 494 1353 caraea,
515 1285 673 1342 assimilatis
695 1285 781 1342 literis
853 1305 905 1359 pou
925 1305 976 1361 pro
1000 1285 1061 1343 (r'od
1078 1286 1144 1342 dild’
1161 1307 1227 1363 you,
1248 1286 1317 1344 deus
1337 1295 1365 1343 te
1379 1292 1471 1345 custo-

165 1362 253 1421 Sax.l.
274 1362 384 1418 herken.
424 1360 456 1418 B.
479 1361 676 1420 1111140.
800 1364 802 1427 i
856 1361 922 1418 diat.
952 1363 1024 1435 rtng.
1046 1362 1106 1421 bor.
1127 1363 1211 1433 dilate,
1232 1368 1384 1440 protegere.

128 1438 257 1516 gebak,
290 1458 317 1495 n.
351 1457 422 1513 opus
456 1439 607 1514 coquendi,
642 1439 780 1509 torrendi,
800 1430 1113 1509 anKKnBERan,
1147 1440 1185 1517 pl.
1219 1441 1295 1498 Sco.
1326 1440 1471 1499 ambarum

165 1514 343 1573 assandi-
364 1515 423 1572 Met
442 1516 492 1572 aeia
511 1536 571 1572 raon
585 1536 618 1591 cp
627 1515 802 1589 peinkoekenl
875 1534 989 1573 enarum
1032 1515 1140 1586 barba,
1182 1516 1395 1575 Hollaudismus
1435 1538 1470 1576 cx

163 1595 211 1650 dut
239 1612 296 1649 urea
327 1592 352 1649 'a
377 1593 446 1649 bulte
469 1594 566 1664 pabule,
596 1594 644 1669 qui
664 1611 713 1651 sex
732 1578 802 1665 ho·l
855 1536 921 1651 1101.
940 1593 1153 1663 bottelaerdea,
1173 1593 1257 1653 idem.

164 1669 253 1727 mines
284 1668 388 1745 excipit
414 1668 504 1745 epulis
534 1669 723 1747 placentarum
755 1670 780 1727 ei
799 1668 906 1743 ζΒΑΙι,
941 1669 1040 1744 (baal),
1073 1669 1127 1746 adj.
1156 1670 1187 1728 ll.
1196 1669 1222 1729 b.
1252 1669 1350 1729 malus.
1399 1670 1467 1746 nge.

164 1746 283 1803 multum
304 1745 463 1821 frigendum
483 1750 531 1804 est.
572 1746 619 1805 Nl.
636 1748 732 1821 pedat,
753 1766 802 1804 ιι.ι
855 1747 929 1815 balaa
949 1747 1022 1815 bolo,
1043 1747 1132 1816 beclas,
1154 1746 1252 1805 malus.
1286 1747 1379 1806 Saxa.
1396 1747 1471 1817 bola,

163 1842 234 1900 opus
254 1822 416 1900 pistorium,
437 1823 517 1900 panis
531 1823 697 1893 dulciarius,
720 1824 778 1900 pla·
799 1814 801 1885 l
855 1842 882 1880 n.
902 1824 1015 1881 malum.
1035 1823 1076 1898 (F.
1098 1824 1154 1894 bal,
1176 1823 1229 1900 adj.
1243 1823 1345 1895 iratus,
1365 1830 1471 1900 perter-

164 1906 251 1958 centa.
799 1910 801 1955 t
855 1900 940 1970 ritus,
961 1899 1162 1974 conturbatus).

204 1977 245 2033 Aa
264 1977 288 2033 it
305 1976 376 2033 reiut
395 1976 444 2033 lad
461 1977 491 2032 di
504 1976 579 2034 riano
590 1982 664 2054 repat
677 1978 740 2034 balet
752 1978 782 2034 cli
799 1990 801 2015 ¹
816 1975 1045 2047 bel-meitse,
1077 1977 1104 2035 vi
1128 1977 1275 2054 depellere.
1321 1977 1361 2034 Di
1380 1979 1473 2054 jonpee

165 2053 241 2112 dicet
251 2073 300 2129 spo
313 2071 388 2110 raoor
395 2056 550 2128 ponkoelrea
561 2075 597 2130 pn
611 2055 633 2111 'e
645 2055 701 2121 bol,
716 2073 780 2112 cum
799 2100 801 2109 .
854 2055 934 2110 bobba
952 2054 982 2110 di
1001 2054 1050 2112 ein'
1068 2050 1112 2110 bol
1127 2057 1233 2124 rrrcklre,
1255 2054 1335 2132 pueri
1349 2054 1471 2144 protervi

167 2132 239 2190 lucet
259 2131 301 2188 sol
322 2149 372 2206 per
391 2130 511 2187 mediam
532 2132 654 2221 pluviam
675 2131 801 2189 diaboli«
855 2136 964 2188 anatem
994 2131 1052 2189 ovis
1084 2131 1264 2190 incubantem
1291 2151 1306 2188 e
1332 2130 1399 2190 urdo
1425 2131 1473 2189 de·

166 2212 252 2266 mater
272 2207 349 2283 lrigit
368 2207 511 2284 placentas
532 2229 560 2265 nr
581 2209 690 2266 inseris:
715 2216 801 2283 gau-'
855 2208 998 2283 pulerunt.

166 2285 232 2343 dent
265 2284 371 2361 quippe
405 2285 548 2343 contrariis
583 2290 610 2343 et
642 2284 779 2344 absurdis.
816 2282 1048 2353 bal-dedich‚
1082 2283 1135 2361 adj.
1190 2287 1316 2343 rotarvus
1346 2288 1374 2342 et
1402 2284 1473 2343 nibil
1534 2291 1536 2295 ’

164 2360 261 2430 Frisii,
287 2379 351 2419 cum
371 2361 447 2418 laute
467 2361 606 2421 habebant
625 2363 801 2445 hospitem,¹
855 2381 911 2418 non
943 2360 1063 2430 audens,
1103 2304 1249 2439 petulans,
1282 2379 1408 2438 praeceps
1442 2362 1472 2420 in

165 2439 207 2496 vel
237 2438 338 2496 festum
365 2440 463 2495 messis
491 2440 602 2497 famulis
630 2438 801 2517 parabant‚·
853 2437 998 2513 iujuriam,
1023 2439 1071 2515 qui
1092 2439 1161 2496 alios
1183 2439 1209 2496 vi
1230 2437 1406 2514 aggreditur,
1426 2458 1472 2497 eo·

165 2516 209 2573 vel
234 2514 332 2573 hilaria
360 2514 549 2587 celebrabant,
579 2518 663 2575 t'rixas
683 2518 801 2574 offere.
855 2535 916 2574 ram
937 2516 1033 2573 domos
1048 2521 1209 2593 oppugnat,
1231 2521 1293 2574 cart.
1326 2515 1474 2589 Boldedipe

163 2592 230 2649 bant
258 2592 409 2668 placentes.
450 2592 515 2651 Hol.
541 2595 593 2652 Ala
618 2597 662 2651 laet
691 2599 800 2667 repeat]
848 2595 954 2667 junges,
990 2592 1070 2669 pueri
1103 2592 1236 2669 protervi.
1283 2591 1377 2650 Sama.
1401 2593 1475 2649 balo·

163 2689 195 2726 ca
221 2669 253 2726 de
279 2689 325 2726 soa
351 2669 446 2742 rcbiint
472 2689 496 2726 tr
521 2672 564 2728 laet
584 2672 680 2728 kernria
699 2671 727 2727 ia
748 2666 800 2726 del
854 2670 920 2738 deiri,
943 2669 1033 2727 Alam.
1051 2669 1185 2744 palo-trit,
1207 2669 1382 2727 maleficiam.
1417 2669 1475 2728 Kil.

163 2747 219 2816 leel,
248 2745 371 2822 fulgente
406 2746 465 2803 sole
491 2767 541 2824 per
568 2748 691 2824 pluriam
712 2742 801 2805 nun·‘
856 2748 936 2817 „lob
959 2750 1012 2805 vot.
1033 2746 1097 2804 Hol.
1118 2744 1365 2816 malachot-daed,
1386 2751 1474 2805 vetus.

164 2823 293 2880 dinarum
310 2821 366 2897 joci
379 2829 501 2912 aguntur
514 2824 542 2882 in
559 2825 664 2882 interis.
694 2825 801 2882 Phra·
854 2823 1054 2881 malefactum.”
1095 2823 1143 2881 lsl.
1173 2824 1259 2892 bello,
1290 2822 1347 2880 vim
1371 2823 1475 2881 inferre

160 2919 206 2970 ,ses
220 2899 280 2957 istae
295 2918 329 2957 ex
344 2898 424 2957 trino
438 2908 516 2969 snut,
530 2907 652 2959 attamen
663 2907 694 2959 ut
704 2920 779 2960 com-
855 2900 953 2969 alicui,
973 2900 1103 2974 injuriam
1117 2901 1219 2970 lacero,
1232 2899 1373 2959 lacessere.
1404 2900 1476 2958 (lou-

164 2977 258 3053 plnres
277 2975 431 3034 locutiones
450 2977 572 3034 triviales
594 2998 627 3036 ex
647 2976 801 3059 antiquis-l
854 2978 896 3034 fer
915 2976 1044 3053 Egilsson
1065 2977 1094 3034 in
1115 2995 1190 3036 voce.

163 3053 233 3111 sima
259 3053 457 3128 superstitione
485 3055 655 3130 repetendae.
695 3054 779 3130 Quod
798 3053 1040 3143 abal-earich,
1056 3054 1109 3129 adj.
1125 3054 1305 3123 inobediens,
1319 3058 1476 3113 contumax.

164 3129 262 3188 attinet
292 3129 375 3187 frixas
402 3131 557 3206 placentas,
587 3132 660 3189 inter
691 3132 801 3189 varias·
855 3130 911 3188 Kil.
938 3132 1109 3205 Bal-eoriplc,
1141 3132 1323 3206 hcl-locriplr,
1352 3132 1475 3189 defessus

163 3212 252 3275 artes,
274 3225 342 3282 quas
363 3225 489 3264 exercere
504 3208 625 3266 creditur
639 3207 801 3277 diabolus.
855 3207 1003 3266 audiendo.
1035 3210 1070 3266 cl.
1099 3209 1167 3284 Ags.
1186 3207 1345 3277 beolrcnitb,
1378 3207 1475 3266 odium

163 3303 208 3342 ars
227 3282 352 3340 surnaria
373 3302 427 3341 non
441 3284 571 3343 ultimum
586 3291 661 3343 tenet
678 3262 801 3343 locuml
855 3285 987 3354 rnortale;
1015 3286 1211 3355 decla-beortlr,
1239 3284 1358 3343 nefande
1378 3283 1474 3344 durus.

164 3361 197 3418 ln
218 3358 290 3436 ignis
307 3359 408 3436 abysso
418 3361 498 3435 juvat
512 3381 576 3419 eura
591 3381 682 3421 assare
697 3381 779 3419 omae
798 3360 1048 3429 thala-mend,
1062 3362 1207 3431 oar-mona,
1220 3362 1285 3420 av.
1299 3361 1474 3438 pupillorum

164 3456 251 3513 genus
271 3456 382 3506 carnes,
410 3456 529 3515 coquere
550 3459 635 3516 panes
657 3439 801 3514 magicos.
855 3443 929 3496 tutor
965 3437 1072 3495 fraudis
1106 3438 1248 3496 convictus
1282 3444 1310 3496 et
1342 3439 1472 3513 rejectus.

164 3520 192 3573 et
205 3513 320 3571 miscere
334 3520 418 3591 potus
434 3516 663 3584 necromanticos,
683 3517 801 3591 qualeae
854 3514 909 3571 Kil.
939 3515 1115 3585 bol-mondaa,
1147 3515 1294 3591 prohibere
1327 3514 1386 3573 sire
1415 3514 1475 3573 adi·

164 3591 224 3666 ejus
251 3591 364 3648 famula
386 3594 512 3651 veneficae
553 3598 632 3650 arant
652 3594 680 3650 in
703 3582 801 3705 blac-l
854 3610 929 3649 mere
949 3591 1035 3649 tutori
1055 3593 1187 3661 tutelam,
1216 3591 1330 3666 rejicere
1350 3596 1472 3651 tutorem

163 3667 254 3725 bethae
282 3667 433 3744 tragoedia.
476 3613 613 3727 Diabolus
639 3669 778 3727 veteribus
852 3672 985 3745 tanquam
1013 3675 1189 3745 suspectum
1216 3669 1288 3727 male
1312 3668 1384 3726 tueri
1414 3688 1472 3728 rem

164 3751 222 3803 erat
247 3743 336 3821 pistor
360 3745 532 3815 execrabilis,
562 3746 611 3822 qui
629 3753 800 3823 postquaml
854 3744 965 3822 pupilli.
986 3745 1096 3822 Specul.
1117 3747 1179 3804 Sex.

163 3820 333 3911 pauperibus
353 3840 452 3898 panem
476 3830 648 3900 surrepserat
662 3824 778 3881 sormam
798 3814 1096 3897 {bal-stiarrich,
1123 3822 1176 3898 adj.
1196 3821 1238 3880 ira
1257 3821 1359 3881 incitus
1381 3826 1410 3879 ct
1429 3822 1472 3881 in·

165 3899 256 3956 cucub
294 3898 431 3957 induerat.
490 3901 618 3973 (Grimm.
659 3901 799 3976 Mythol.=
853 3899 1013 3958 tractabilis.
1062 3900 1102 3957 Di
1135 3920 1195 3957 moa
1229 3900 1252 3957 is
1285 3900 1470 3968 babtiarrrielr,

164 3994 192 4052 p.
219 3978 294 4048 441).
334 3974 368 4032 In
395 3975 620 4046 bacchanalibus,
641 3997 712 4054 qnos
733 3984 799 4079 vop
852 3976 936 4034 homo
957 3977 1038 4045 l'urit,
1060 3977 1209 4034 effrenatus
1230 3981 1279 4034 est.
1312 3978 1342 4033 It
1360 3975 1430 4033 roacr
1448 3976 1472 4032 is

164 4056 243 4118 caut,
283 4050 450 4110 sabbathicis
483 4054 615 4112 tredecim
650 4055 799 4112 veneficae.

165 4127 364 4186 accumbebant
383 4148 497 4199 mensa),
527 4149 610 4208 quem
631 4150 777 4189 numerum

163 4204 248 4262 Anuli
257 4210 366 4263 veteres
376 4206 533 4282 promiscue
544 4209 586 4264 tlte
596 4208 676 4266 deciis
686 4209 778 4276 deren,

164 4253 269 4339 diaboli
301 4301 431 4341 numerus
463 4283 645 4353 dedenarios,
679 4290 706 4341 et
736 4286 798 4355 tlte,

164 4358 256 4416 butera
268 4357 361 4429 deren,
383 4359 496 4437 pistoris
509 4381 536 4418 a.
551 4361 576 4418 d.
591 4362 776 4438 appellabant.
797 4360 798 4377 ¹

164 4435 241 4493 inter
276 4454 352 4494 meos
389 4436 539 4514 populares
572 4438 654 4495 runlti
687 4438 778 4495 adbuc

164 4511 264 4570 timent
288 4531 324 4570 ne
351 4531 384 4570 ex
411 4513 543 4572 tredecim
564 4514 698 4583 convivis,
727 4514 776 4591 qui

163 4588 266 4647 arealem
286 4589 454 4647 accumbunt
474 4610 592 4661 mensae,
617 4592 693 4649 brevi
713 4591 776 4668 quis

163 4664 208 4723 dei
222 4670 293 4724 nutu
311 4666 459 4744 moriatur,
479 4672 511 4725 ut
524 4687 655 4726 numerus
670 4687 776 4727 execra·

163 4740 226 4801 bilis
253 4741 360 4803 diaboli
384 4743 420 4802 ad
447 4764 594 4805 numerum
620 4744 798 4824 principem·

852 4054 1038 4121 bulationem,
1076 4059 1228 4129 tempestas
1266 4052 1353 4110 saevit.
1407 4051 1470 4110 no.

852 4129 914 4187 Sex.
924 4130 940 4187 1.
969 4129 1113 4204 bolrlr'irip,
1140 4129 1223 4186 idem.
1250 4130 1294 4203 (cf.
1314 4128 1379 4186 no.
1399 4147 1470 4185 wora·

851 4207 949 4281 atrba‘p,
977 4205 1071 4279 idem.)
1092 4205 1223 4278 Noro'egi
1244 4205 1399 4280 dalstyrea,
1431 4206 1470 4262 el·

851 4283 989 4351 frenatus,
1008 4282 1163 4340 vehemens.
1188 4280 1282 4339 Sueth.
1296 4282 1470 4357 banc-styrip,

854 4365 1010 4418 contumax.
1051 4358 1129 4427 ihre,
1160 4360 1221 4415 155.
1258 4357 1345 4416 Poeta
1370 4358 1405 4416 Ja
1425 4358 1468 4428 ix,

852 4436 874 4494 1.
892 4438 942 4504 79,
964 4436 999 4492 de
1014 4434 1156 4492 dissolutis
1169 4440 1318 4493 rrautarum
1332 4378 1470 4506 moribus,

913 4515 976 4589 Mep
996 4514 1025 4570 ia
1045 4512 1243 4586 oabeatjoeruron
1262 4531 1359 4571 warren

912 4590 1015 4659 lieret,
1028 4590 1115 4665 floclrt
1134 4590 1163 4647 ia
1175 4592 1284 4665 tfjuecbt
1302 4610 1330 4648 ao
1350 4589 1402 4648 dot.

850 4667 1053 4742 Tjesclmoars
1076 4672 1245 4743 soe-aengste.
1269 4667 1326 4726 Kil.
1344 4668 1467 4726 calestia-

849 4745 924 4823 ripl,
944 4744 1105 4805 indomitus.
1121 4775 1161 4796 -
1173 4746 1270 4806 Sanc.
1290 4744 1467 4814 orereturiclr,
