3256 5310
126 241 182 303 497

216 464 345 529 Tandem
355 465 800 548 Il.v.dcmuoductiopriviquid

175 543 298 605 babebat
334 551 490 604 memoratu
526 544 656 622 dignum3
696 565 800 624 sponsa

173 621 298 680 intrabat
336 621 451 680 domum
489 623 585 699 sponsi
618 623 671 681 sub
706 623 800 700 gladio

171 697 279 769 stricto,
294 716 380 776 quem
391 697 536 757 exserebst
545 699 692 776 proximus
702 700 799 778 sponsi
818 740 820 747 -

172 775 415 850 consanguineus,
436 775 608 833 concedente
623 776 685 852 lege
698 776 798 835 marito

173 856 344 929 potestatem
378 851 538 910 decollandi
572 851 672 911 eodem
705 852 798 928 gladio

173 947 304 998 uxorem,
337 928 361 987 si
389 927 559 986 adulterium
589 929 797 989 committebat:

174 1004 289 1064 Boudia
307 1005 388 1063 critic
404 1004 489 1062 saoird
506 1005 595 1062 deerre
608 1005 691 1063 nuder
701 1007 797 1083 plinp,
817 1002 819 1059 j

175 1080 238 1140 uase
258 1080 307 1138 aaa
327 1083 399 1155 assa
417 1081 529 1157 onaan
549 1085 618 1151 409,
641 1085 685 1141 rs.

211 1157 308 1216 Redeo
328 1158 365 1216 ad
383 1155 475 1233 legem
492 1163 619 1216 veterum
632 1158 797 1218 Frisiorum.

175 1233 329 1311 Postquam
360 1251 465 1367 sqpnsa
494 1233 524 1291 in
554 1233 669 1293 domum
699 1236 819 1313 sponsil

174 1315 235 1369 erat
261 1310 346 1368 ducta
371 1330 381 1369 1
404 1330 421 1369 a
446 1329 477 1368 se
500 1312 624 1388 ponebat
643 1312 703 1386 ejus
724 1313 819 1371 lecto.

1435 242 1491 298 498

873 470 952 529 Adeo
972 470 1063 529 omnis
1083 470 1170 529 coitus
1187 470 1247 528 sinc
1260 469 1366 547 praevio
1379 468 1491 528 illorum

873 566 1011 606 consensu
1025 547 1199 606 meretricius
1213 553 1279 605 erat.
1310 547 1443 620 (Consule
1456 547 1491 604 ale

873 624 972 683 ritibus
992 624 1161 683 matrimonii
1182 630 1263 682 notas
1278 622 1443 682 Wierdsmae
1463 631 1492 681 et

872 701 1030 761 Brantsmm
1050 701 1080 759 iu
1101 701 1136 759 Ο.
1156 701 1187 759 Il.
1204 699 1247 759 W.
1261 719 1289 777 p.
1304 703 1380 774 254.)
1410 700 1490 758 Post·

873 796 957 854 quam
984 778 1037 836 soli
1058 777 1184 855 pontifici
1201 777 1249 852 jus
1270 776 1413 854 pangendi
1432 794 1492 834 ma·

872 854 1037 913 trimonium
1070 859 1130 912 erat
1161 872 1290 924 cessum,
1326 871 1432 929 sponso
1465 856 1494 909 et

871 931 975 1008 sponsat
1001 931 1133 989 euntibus
1157 931 1186 988 in
1207 930 1360 1007 templum,
1388 948 1401 987 s
1423 947 1492 987 onan

872 1007 983 1084 tegebat
1001 1007 1073 1066 latus
1087 1006 1216 1065 dextrum
1230 1006 1342 1083 sponsi,
1364 1024 1377 1063 s
1428 1010 1494 1083 post

817 1108 819 1143 ς
871 1084 1011 1142 sancitum
1038 1083 1246 1142 matrimonium
1273 1082 1388 1140 domum
1415 1080 1493 1140 rede·

872 1160 987 1219 ontibus
1007 1179 1080 1218 uror
1099 1159 1212 1236 tegebat
1231 1160 1305 1218 latus
1318 1159 1420 1218 laevum
1434 1177 1493 1216 ma·

872 1237 933 1306 riti,
961 1238 1043 1313 signo
1073 1237 1151 1295 ibam
1171 1236 1200 1294 in
1220 1236 1303 1312 hujus
1323 1240 1492 1313 potestatem

872 1313 1040 1372 transivisse.

177 1389 274 1464 (supra
299 1385 437 1445 badrelma
459 1390 530 1459 196,
559 1390 627 1461 419)
647 1397 675 1445 et
695 1408 797 1467 corpus
816 1390 1046 1465 jbrulloltje,
1079 1388 1162 1448 nb.v.
1194 1388 1307 1466 nuptias
1341 1388 1491 1448 celebrare.

177 1481 242 1522 cum
269 1481 303 1521 ec
328 1462 478 1533 miscebat3
502 1463 568 1522 ende
585 1465 630 1521 lrio
649 1464 820 1542 breydelike¹;

176 1541 234 1598 aine
252 1539 391 1597 bellissima
411 1544 504 1616 uratcp
521 1540 586 1599 ende
604 1560 638 1616 op
656 1541 707 1598 doe
719 1542 799 1601 badda
817 1582 820 1607 ι

175 1618 267 1675 tenea
296 1616 363 1674 liroea
386 1622 462 1676 setta
488 1618 564 1674 mitte
588 1637 683 1676 manne
708 1619 820 1695 (tietb,¹

177 1693 225 1751 Isl
249 1693 338 1763 tete,
389 1693 509 1752 ulviuus.
529 1693 681 1769 Egilsson.)
710 1695 820 1754 Hiece'

178 1769 348 1828 concubitus
366 1712 465 1829 llrisiis
485 1778 514 1828 et
534 1771 635 1847 Anglis
656 1776 715 1829 crat
735 1790 820 1841 con·

177 1847 330 1906 summatio
350 1846 537 1918 matrimonii,
564 1848 608 1904 sel
628 1848 723 1925 potius
740 1854 820 1907 ma·5

178 1923 343 1983 trimonium
355 1924 467 2001 ipsum,
488 1923 567 1999 cujus
580 1926 727 1983 sententiae
742 1926 798 1984 duo
817 1926 820 2005 ζ

179 2000 296 2077 vestigia
310 2001 340 2058 in
354 2001 475 2079 posteris
488 2001 663 2078 temporibus
678 2002 798 2061 invenio.
817 2008 820 2073 ξ

179 2075 316 2155 Princeps
345 2078 531 2147 Arausiacus,
561 2078 729 2137 Guilielmus
749 2079 798 2149 IV,
817 2082 820 2127 l

179 2172 245 2213 cum
270 2158 367 2225 Anna,
392 2154 449 2213 filia
468 2154 542 2229 regis
562 2154 688 2232 Anglici,
708 2138 821 2233 primal

180 2229 350 2291 matrimonii
363 2236 457 2301 nocte,
475 2231 505 2289 in
518 2237 670 2308 conspectu
683 2251 799 2291 censam
817 2238 821 2291 Ι

180 2307 347 2443 palaeorum
360 2313 389 2367 et
401 2307 569 2380 aulicorum,
582 2316 676 2367 torum
689 2311 800 2387 nuptia·
817 2300 820 2417 l

192 2402 237 2443 cm
263 2384 467 2445 conscendebat
494 2387 544 2459 (A0
572 2386 668 2459 1734).
689 2385 798 2445 Deinde

181 2460 278 2533 bomo,
305 2462 354 2538 qui
380 2462 411 2520 in
437 2461 528 2519 riculo
551 2462 661 2522 Scoticc
682 2464 799 2523 Gretna·

181 2556 267 2671 qreen
294 2537 407 2616 nuptias
434 2538 611 2609 conciliabat,
640 2558 696 2597 non
722 2540 798 2599 uliud

202 2620 381 2674 ocumentom
396 2614 555 2693 requirebat
568 2616 604 2674 ad
617 2618 798 2676 sanciendum

182 2690 403 2763 matrimonium,
414 2710 499 2770 qnam
510 2699 542 2750 ut
547 2692 659 2767 juvenis
670 2702 698 2753 et
707 2696 799 2771 virgo,

181 2767 232 2827 illo
245 2767 369 2839 vidente,
390 2768 421 2827 in
435 2768 534 2828 ecdem
547 2771 620 2828 lecto
634 2771 687 2829 sub
701 2771 798 2830 endem

180 2844 305 2921 stragula
323 2845 449 2922 contigui
464 2846 597 2920 jacerent.
626 2848 714 2922 (Lord
727 2849 799 2906 Her-

179 2922 259 3058 ppjs
275 2922 462 3057 pnqmoirssspg
477 2923 528 3057 tbpi
545 2929 630 3058 cpppq
646 2925 678 3075 ql
688 2925 798 3001 Georgo

239 3017 273 3056 ro
330 3043 337 3059 .
378 3043 386 3059 .
467 3019 536 3058 .e.
635 3044 649 3058 ..

217 3075 329 3135 Primus
356 3019 385 3134 bl
403 3076 544 3135 sccundus
564 3082 642 3135 actara
661 3078 798 3156 antiquis·

179 3152 244 3212 simi
262 3160 292 3210 et
311 3152 419 3212 sincera
437 3152 538 3212 Frisici
558 3160 634 3212 sunt.
664 3156 798 3232 Sequitur

179 3229 279 3288 tertius
308 3237 336 3288 et
360 3229 478 3288 ultimus
505 3231 677 3288 matrimonii
703 3240 796 3303 actus,

180 3306 230 3383 qni
258 3312 324 3383 post
352 3305 512 3366 introducta
538 3307 693 3366 Christiana
719 3328 796 3367 sacra

180 3381 294 3441 additus
319 3388 376 3441 cst:
402 3382 467 3441 errde
492 3403 528 3442 cn
552 3404 656 3442 nroerne
675 3386 796 3461 oprtoed,

180 3463 208 3517 to
234 3459 335 3517 bierka
359 3458 437 3536 pinp,
466 3460 585 3519 kerkatcl
612 3462 696 3531 stood,
727 3464 796 3520 atter

180 3535 279 3607 mats,
306 3535 344 3594 dn
361 3540 474 3612 prestas
499 3538 628 3614 offerade,
659 3539 723 3596 ende
748 3538 797 3596 dot

180 3615 241 3688 aest
268 3613 326 3670 alac
350 3612 457 3689 bipinqt
482 3616 553 3672 clauc
577 3614 607 3672 di
626 3616 692 3689 fria
713 3617 796 3673 Frena

179 3690 338 3766 nitterfric
350 3690 477 3748 iterim
488 3691 601 3750 adside.
632 3693 724 3762 „Post
738 3692 795 3769 pri·

178 3783 253 3825 mam
283 3771 395 3825 noctem
423 3767 595 3825 matrimonii
623 3787 696 3827 uxor
725 3786 796 3826 nova

871 1468 951 1526 Prov.
979 1468 1033 1525 Fen
1058 1466 1208 1542 bddcstjen
1232 1471 1304 1524 komt
1329 1466 1493 1539 brillesty'ern

872 1543 979 1621 nuptiae
1005 1543 1120 1621 pariunt
1145 1542 1274 1619 nuptias;
1300 1542 1374 1601 inter
1394 1540 1494 1599 hilaria

871 1620 1036 1697 nuptiarum
1059 1620 1177 1695 juvenes
1204 1624 1232 1676 ct
1257 1618 1380 1696 virgines
1400 1635 1494 1676 amaro

873 1695 975 1755 docent
1008 1703 1035 1754 et
1064 1696 1152 1754 futuri
1182 1695 1293 1753 vincula
1324 1693 1495 1754 matrimonii

873 1778 981 1851 parant
1011 1773 1054 1831 De
1074 1774 1181 1831 ratione
1201 1772 1314 1851 nuptias
1334 1769 1494 1831 celebrandi

872 1849 1075 1928 posterioribus
1089 1848 1263 1927 temporibus
1276 1849 1397 1926 paucula
1408 1846 1494 1918 addo,

893 1945 994 1985 uorum
1016 1926 1127 2002 juvenis
1153 1927 1232 1984 testis
1258 1945 1335 1984 eram
1355 1925 1494 1984 oculatus.

872 1946 1001 2080 lifginae
1023 2003 1168 2075 (nddstara)
1188 2021 1304 2061 numero
1324 2020 1403 2061 sacro
1424 2002 1493 2060 usr-

872 2099 1033 2150 manorum,
1053 2079 1160 2138 scilicet
1174 2078 1335 2148 dnoderim,
1355 2078 1493 2136 Hindelc·

874 2156 927 2233 pira
957 2156 1112 2215 invitabant
1141 2157 1272 2214 convivas
1302 2155 1338 2214 ad
1363 2155 1493 2232 nuptias,

873 2240 930 2291 tam
950 2233 1069 2291 feminas
1089 2252 1175 2310 quam
1194 2233 1276 2290 viros.
1313 2230 1379 2291 Alis
1397 2236 1491 2290 autem

874 2310 943 2368 ratio
972 2310 1117 2369 obtinebat
1139 2309 1168 2367 iu
1188 2327 1261 2387 pago
1283 2307 1491 2377 masnada,

873 2387 1104 2461 (Zevenwclden).
1127 2387 1254 2464 Sponsus
1272 2403 1432 2464 sponsoque
1450 2383 1491 2442 ibi

873 2482 1021 2521 numerum
1047 2470 1139 2522 ratum
1166 2462 1305 2539 virginum
1331 2462 1367 2520 ad
1387 2463 1491 2521 festum

873 2541 999 2618 nuptiale
1036 2540 1208 2609 invitabant,
1242 2558 1360 2617 quarum
1393 2557 1491 2616 quam·

873 2636 928 2695 quc
965 2617 1112 2694 oportebat
1148 2615 1324 2693 designatum
1357 2616 1490 2691 juvenem

874 2712 972 2752 vocare
1000 2700 1031 2751 ut
1057 2712 1152 2753 cecum
1178 2694 1282 2751 festum
1301 2693 1426 2769 nuptiale
1446 2709 1490 2749 ce·

873 2771 1001 2829 lebraret.
1031 2770 1158 2840 iuvenis,
1186 2770 1210 2827 si
1229 2771 1342 2839 annuit,
1362 2787 1423 2827 eam
1444 2767 1490 2826 die

873 2848 943 2905 testo
976 2847 1047 2924 petit
1080 2853 1108 2905 ct
1140 2845 1272 2905 conducit
1304 2846 1340 2904 ad
1374 2845 1490 2903 domum

871 2922 1489 3079 llblrllsmllesbllrteblmilblielllllequilbrllbelerib

871 3077 1012 3137 videretur
1031 3078 1112 3136 nullo
1132 3083 1234 3136 ornatu
1254 3084 1346 3136 comta
1366 3082 1408 3135 est
1425 3094 1489 3134 cum

871 3155 930 3214 exit
949 3155 984 3213 ad
1000 3154 1190 3225 invitandum3
1211 3174 1276 3213 nam
1290 3154 1375 3213 vestis
1388 3153 1489 3212 cultior

870 3233 973 3310 puellae
1005 3232 1034 3289 in
1065 3233 1154 3290 Frisia
1183 3232 1296 3308 signum
1319 3230 1418 3306 juveni
1446 3235 1489 3288 est

870 3328 935 3367 eum
960 3308 1017 3367 illae
1043 3328 1104 3367 esse
1128 3314 1246 3384 gratum.
1276 3308 1333 3366 Ubi
1353 3306 1427 3366 enim
1445 3305 1489 3381 ju·

870 3387 947 3444 venis
972 3385 1088 3442 domum
1113 3390 1260 3461 parentum
1280 3384 1383 3462 puellm
1402 3383 1490 3442 intrat

869 3461 906 3520 ad
926 3480 987 3519 cam
1007 3460 1196 3531 ambiendam,
1219 3460 1268 3518 illa
1287 3466 1360 3518 tacet
1379 3465 1408 3517 et
1427 3458 1487 3516 solo

870 3537 948 3596 cultu
967 3537 1087 3596 vestium
1106 3555 1186 3594 suam
1200 3536 1337 3613 significat
1350 3540 1487 3603 mentem

869 3615 893 3672 si
913 3614 961 3672 ills
981 3614 1072 3689 surgit
1091 3620 1120 3670 et
1139 3618 1229 3670 mutat
1249 3619 1356 3670 vestem
1375 3611 1488 3669 solitam

870 3710 932 3749 cum
954 3691 1111 3766 pulchriore
1131 3709 1171 3747 car
1191 3694 1300 3766 gratm,
1320 3689 1364 3747 sin
1381 3692 1488 3759 minus,

869 3768 996 3844 ingratus
1016 3774 1058 3824 cst
1077 3774 1106 3825 et
1126 3785 1156 3825 re
1176 3766 1279 3826 intecta
1298 3764 1456 3824 revomitur.

178 3861 260 3902 mane
288 3842 394 3921 surgit,
425 3843 449 3901 it
476 3843 507 3903 in
535 3845 671 3921 templum
701 3845 796 3922 ibique
832 3843 1136 3914 bonne-brilloit,
1161 3862 1204 3920 cg.
1234 3842 1353 3920 (nuptiae
1379 3840 1487 3900 caninus

178 3920 339 4054 ppptilicsm
374 3924 403 3977 et
434 3919 522 3979 altare
555 3940 670 3979 munere
702 3922 794 3980 colens

234 3995 404 4055 edictionem
416 3996 519 4074 accipit
531 3997 714 4075 apontilice.’'
737 3999 795 4056 Lex

178 4070 304 4149 loquitur
329 4072 366 4132 de
387 4073 447 4132 sola
465 4092 554 4132 uxore
573 4075 710 4163 templum
731 4075 795 4132 aisi-

869 3921 887 3979 i.
915 3924 950 3994 e.)
976 3921 1065 3978 coitus
1095 3920 1278 3979 meretricius.
1318 3919 1358 3977 Di
1386 3921 1489 3996 tyriote-

869 4000 970 4074 tpskers
988 3997 1070 4054 ualde
1089 3997 1146 4055 doer
1165 3997 1379 4071 bonne-britlast,
1404 4013 1489 4071 equo·

869 4093 931 4133 rum
945 4082 1112 4133 mercatores
1125 4074 1155 4132 in
1166 4093 1198 4131 ea
1209 4072 1383 4131 maechantur
1391 4090 1489 4148 ganea.

178 4153 270 4220 mute,
298 4168 356 4209 ncn
383 4148 553 4209 demerito.
588 4150 699 4209 Deinde
725 4150 795 4209 benc
831 4149 1325 4226 minnistebrullolt,(nuptiae
1339 4148 1487 4206 Mennoni·

177 4224 331 4284 tenendam
350 4232 407 4297 cst,
428 4226 649 4286 benedictionem
668 4227 795 4286 sacerdo-

177 4301 264 4361 talem
290 4302 371 4380 seqni
393 4304 603 4362 matrimonium
622 4323 795 4363 consumma·

178 4384 255 4450 tum,
287 4397 345 4439 non
369 4380 477 4439 anwira
502 4380 596 4439 foedus
622 4380 794 4439 matrimonii

176 4454 269 4515 adbuc
293 4456 495 4535 pangendum.¹
517 4457 698 4516 Posteriobus
724 4464 794 4515 tem·

175 4532 293 4611 poribus
325 4533 441 4593 ambitio
472 4534 648 4593 sacerdotum
680 4534 710 4593 in
736 4539 794 4592 tan·

176 4616 239 4669 tum
289 4609 431 4682 maluit,
459 4617 493 4669 ut
517 4611 628 4669 nullum
653 4611 794 4669 matrimo-

174 4685 256 4745 nium
323 4687 433 4747 'timmn
452 4692 525 4747 osset
544 4688 599 4747 nisi
617 4689 696 4766 prius
713 4688 748 4745 ab
763 4687 795 4745 il·

176 4760 227 4838 tn,
245 4762 294 4825 dei
312 4764 443 4837 nomine,
467 4768 583 4844 pactam
602 4774 631 4825 et
648 4765 794 4826 sancitum.

869 4226 942 4300 dono)
970 4226 1112 4285 evacuatio
1139 4226 1264 4285 sordium
1292 4224 1399 4282 latrinae
1420 4242 1487 4281 noc·

869 4310 960 4361 turna.
992 4303 1203 4362 Hollaudismus
1223 4322 1259 4360 ex
1271 4302 1338 4360 Hol.
1353 4301 1487 4359 Menniate

867 4380 988 4454 braitoft.
1013 4381 1056 4437 lta
1069 4380 1171 4440 dicitur
1185 4399 1235 4457 per
1247 4377 1486 4457 paronomasiam;

836 4498 839 4503 -
867 4475 932 4515 nam
960 4456 1025 4514 Hol.
1051 4457 1144 4526 bruti,
1172 4465 1200 4515 et
1231 4466 1355 4515 stercora
1378 4453 1485 4531 liquida

867 4540 896 4591 et
918 4551 1051 4609 sponsam
1077 4539 1170 4602 uotat;
1196 4534 1271 4591 unde
1297 4530 1485 4602 braid-loide,

868 4617 895 4669 et
915 4611 1061 4668 ‹luctorem
1081 4618 1260 4686 sponsae,.et
1279 4607 1485 4686 coprophorum

867 4693 1035 4746 nocturnum
1054 4693 1140 4745 notat
1170 4686 1351 4745 biennooitaa
1370 4687 1429 4744 sive
1447 4691 1487 4742 te·

868 4764 1062 4842 leiobaptistas
1089 4770 1197 4824 caeterae
1223 4770 1306 4826 sectae
1331 4761 1486 4823 irridebant

1376 4857 1414 4916 32
