3256 5310
177 221 232 285 lta

424 378 580 438 BAGINE.

1463 222 1516 288 lto

1155 379 1229 438 BAI.

216 456 296 516 Dead
320 456 421 513 waere
439 457 575 514 trezeder:
600 474 667 531 acy,
690 476 744 533 pon
763 475 830 514 were
864 454 998 525 BaHui,
1019 456 1181 514 exclamatio
1192 456 1367 531 jactabundi,
1389 458 1453 517 (1.1.
1469 459 1516 515 ho-

645 536 830 608 (afrapnuet

902 532 947 589 die
967 533 1070 607 poelei.
1105 534 1224 608 Ba-leya
1244 534 1382 591 littinclue
1397 535 1514 611 prtalle,

218 610 261 685 Os
279 610 371 669 onim
390 610 547 685 Pompeyea:
567 609 664 666 besides
683 611 754 667 rodat
772 611 830 666 tor·
898 608 1040 682 jactantiae
1065 627 1196 684 arrogans
1225 610 1388 680 ostentatio,
1414 611 1517 669 Psalm.

645 691 700 758 (ter
719 687 826 756 loures,

219 762 389 838 Vnrepirtred
406 763 435 818 ia
454 764 547 837 nuber
559 766 652 837 sunm,
669 782 722 838 pou
740 764 809 820 dane

214 839 391 913 decurioruly
411 839 489 914 picit
511 845 564 896 ont.
603 841 689 912 Forj
706 859 749 895 om
767 858 829 897 aure

215 916 321 990 Ttocpt
338 935 392 992 pou
411 934 461 973 ean
477 934 567 991 paeane
583 917 654 972 rotot
666 921 829 990 temperanee

675 993 782 1062 mdmdd
799 993 828 1049 be

218 1069 273 1125 l'ou
292 1069 366 1125 know
385 1072 432 1125 not
450 1070 521 1126 rodat
539 1070 563 1125 it
582 1070 612 1126 ia.

251 1143 344 1202 Prima
377 1143 455 1202 notio
486 1144 594 1202 infabre
624 1145 667 1202 vel
696 1144 825 1221 imperite

212 1220 334 1278 faciendi
367 1221 457 1278 elucet
485 1221 515 1278 in
547 1221 630 1279 verbo
659 1221 769 1280 Scotico
799 1227 825 1278 to

212 1298 332 1366 bcuctte,
364 1297 543 1355 tumultuarie
578 1303 606 1355 et
634 1297 826 1356 fraudulenter

211 1373 347 1431 fabricari.
409 1373 480 1433 Jam.
509 1375 606 1452 Snppl.
649 1375 769 1444 deuolute,
799 1378 823 1433 2.

213 1448 283 1507 lnde
309 1450 390 1508 fluxit
416 1450 491 1510 notio
518 1453 589 1528 Aug.
610 1456 636 1508 to
656 1452 756 1525 dopple,
783 1452 826 1508 fu·

902 685 940 743 Il.
967 689 992 742 4.
1033 688 1081 742 lea
1105 686 1188 760 hopes
1205 686 1301 760 poelei
1319 687 1421 757 nmitse,
1448 688 1515 744 etlu-

902 761 953 819 tire
988 761 1087 819 miram
1120 761 1372 838 vaniloquentiam
1414 783 1514 837 magno

902 838 996 907 hiatu,
1034 837 1123 895 multo
1161 838 1301 907 tumultu,
1336 840 1379 896 vel
1413 859 1516 917 pompa

901 915 1008 972 nitente
1041 933 1130 990 agere.
1169 914 1304 972 Hollandi
1336 934 1419 973 suum
1449 916 1516 972 doleo

901 993 958 1048 lere
978 996 1010 1047 ut
1031 990 1236 1048 substantivum
1263 990 1381 1059 habent;
1411 1012 1452 1049 ex.
1473 1011 1513 1066 gr.

900 1086 978 1124 ceren
1014 1068 1093 1124 boeto
1128 1072 1181 1124 met
1215 1067 1328 1124 aelieten
1365 1087 1397 1124 en
1433 1087 1513 1126 onreu

900 1146 1009 1210 nrulm3
1041 1143 1073 1200 de
1105 1144 1184 1201 loeta
1216 1146 1326 1212 ertatem
1359 1144 1391 1201 de
1423 1149 1514 1202 rneecte

900 1220 979 1276 boelio
1018 1221 1127 1287 enodem
1165 1221 1271 1295 detpeec
1305 1225 1345 1277 tot
1376 1240 1406 1277 eo
1435 1226 1514 1294 procl

899 1315 976 1354 eeuen
995 1297 1075 1354 loebe
1088 1301 1176 1370 parte.
1209 1296 1311 1354 Confer
1331 1297 1458 1372 exempla
1477 1297 1514 1354 ci-

900 1380 957 1430 tata
985 1373 1061 1449 apud
1091 1373 1300 1447 Hoogstrateu,
1333 1374 1513 1430 Naamrvocr-

900 1450 967 1518 den,
988 1450 1062 1506 bolo.

212 1539 287 1595 cate,
313 1527 448 1603 captiose,
476 1528 605 1604 ambigue
632 1547 729 1604 agere3
760 1527 824 1586 Hol.
860 1526 940 1595 Bul,
968 1526 986 1583 f.
1015 1524 1078 1582 Rb.
1106 1524 1198 1583 bacca.
1217 1525 1306 1582 Bend.
1328 1527 1373 1582 31.
1403 1525 1434 1582 F.
1456 1526 1510 1593 bet,

211 1603 332 1672 knoeien,
356 1603 463 1661 infabre
484 1612 658 1674 construere,
686 1604 824 1678 ambiguis

210 1679 318 1736 artibus
337 1685 365 1737 et
383 1679 521 1737 insincere
542 1698 630 1756 agere.
664 1681 736 1755 Aug.
753 1682 825 1738 cleu

210 1755 361 1812 cumnroned
379 1760 405 1812 to
423 1756 466 1812 dia
485 1757 538 1813 leat
552 1756 603 1812 eard
614 1757 638 1812 if
649 1776 703 1813 acca
716 1775 749 1813 reo
763 1757 825 1813 time

203 1834 257 1906 sor
270 1833 325 1888 Irim
338 1836 365 1888 to
379 1832 451 1906 dople
462 1833 526 1889 with
539 1833 582 1889 tlte
594 1832 685 1890 world.
715 1832 822 1890 Howel.

211 1909 336 1982 Boptiad,
363 1927 480 1985 auceps,
501 1909 619 1967 fucatus.
659 1907 748 1966 Notio
774 1909 824 1965 du·

211 1984 273 2042 bius
294 1982 430 2053 haercndi,
455 1985 614 2055 haesitandi,
634 1986 693 2042 sive
712 1986 840 2065 imperi,

211 2060 263 2130 tia,
280 2060 338 2118 sive
351 2066 442 2130 metu,
456 2061 537 2120 hodie
572 2062 684 2120 raevalet
696 2062 725 2119 in
740 2060 823 2119 verbo

211 2137 282 2214 Aug.
310 2142 336 2194 to
362 2139 457 2213 doqpk.
482 2168 522 2183 -·
548 2082 589 2196 dx
615 2139 655 2197 eis
682 2157 745 2215 qure
766 2137 822 2196 dixi

211 2220 288 2291 patet
321 2213 415 2271 Dauos
451 2214 593 2273 invasores
627 2234 691 2273 cum
723 2214 822 2291 buglis

210 2290 458 2349 communicavisse
499 2292 613 2350 verbum
653 2297 680 2349 to
721 2292 822 2368 bopple,

210 2366 493 2456 contrusentientilpus
507 2368 626 2457 etpmolo
648 2369 685 2456 ξε,
700 2369 748 2456 qui
762 2368 824 2426 stir-

210 2444 839 2597 tttmttffltllltlllltlltttltt:2

210 2598 280 2673 Aug.
298 2598 359 2672 top,
380 2597 457 2655 locus
477 2597 617 2730 palustris.
647 2598 744 2655 Restat
758 2599 822 2655 sirn-

208 2673 274 2751 plex
292 2674 371 2748 duppe
389 2673 465 2751 apud
496 2673 586 2732 'risios
600 2674 629 2731 in
643 2674 701 2731 sola
714 2674 820 2750 phrasi,

208 2755 235 2808 to
253 2750 333 2826 lappe
348 2769 415 2825 peon
446 2750 490 2808 vel
510 2756 536 2808 fo
555 2752 605 2826 laq
620 2769 635 2809 e
653 2751 746 2820 reitse,
776 2770 822 2827 pe·

145 2852 147 2855 ·
207 2826 275 2895 rire,
301 2825 439 2903 disperdi,
466 2827 513 2886 Nl.
534 2849 566 2903 op
587 2771 636 2885 <fga
653 2829 704 2885 rut
725 2829 820 2896 roten,

208 2902 291 2959 idem.

899 1622 940 1689 cg.
968 1601 1005 1689 pl.
1031 1601 1116 1674 tepea.
1149 1600 1234 1677 Apud
1255 1601 1363 1659 Gothos
1384 1602 1513 1659 videntur

898 1696 1019 1753 viguisse
1039 1678 1136 1733 formae
1157 1676 1220 1734 darae
1234 1676 1316 1751 hujus
1329 1677 1420 1747 vocis,
1440 1678 1509 1746 daei,

898 1755 916 1812 f.
937 1760 965 1812 et
984 1753 1045 1827 topi
1065 1753 1109 1810 vel
1131 1753 1224 1828 dopna,
1244 1753 1318 1811 unde
1337 1754 1511 1830 dotamupma.

899 1830 1000 1888 Confer
1030 1830 1171 1905 depe-deam
1197 1830 1225 1887 in
1253 1849 1319 1887 voce
1345 1831 1426 1888 leam.
1462 1830 1509 1887 Nl.

898 1908 939 1964 fre
961 1906 1114 1963 uentabant
1147 1912 1207 1963 tum
1240 1907 1308 1976 bene,
1342 1907 1422 1976 dente,
1456 1909 1509 1975 bec,

897 1926 1014 2050 exduci,
1035 1988 1095 2039 tum
1109 1983 1199 2058 daeye,
1219 1984 1289 2058 depe,
1310 2002 1342 2040 ex
1356 1984 1412 2059 dap.
1440 1982 1511 2040 Cou-

897 2061 939 2117 fer
964 2059 1115 2116 Killanum.
1146 2064 1212 2135 Age.
1239 2062 1295 2135 lep,
1320 2066 1349 2116 et
1367 2060 1450 2129 berte,
1471 2061 1511 2116 de·

896 2136 1099 2282 settle
1115 2136 1347 2271 tutatust
1362 2137 1510 2272 elles

897 2289 987 2347 Alam.
1001 2290 1080 2363 peri,
1100 2288 1191 2347 bacca.
1490 2292 1498 2313 '

859 2365 1035 2435 brom-bei,
1057 2384 1098 2442 cg.
1119 2366 1205 2424 rubus
1221 2366 1328 2425 caesius.
1348 2366 1396 2426 Nl.
1409 2368 1509 2424 breem-

896 2444 1090 2595 11ιῖ1ῗ’νερτοε,
1104 2522 1174 2592 Aug.
1190 2520 1405 2596 brembleberrph
1419 2520 1509 2579 Alam.

894 2597 1040 2671 pramperi.
1070 2595 1150 2663 Hull,
1172 2599 1217 2653 68.

1008 2443 1075 2518 Age.
1104 2443 1212 2511 brevitet,
1242 2443 1372 2512 broembel,
1401 2462 1437 2501 un
1463 2462 1509 2501 ru·

857 2671 1028 2739 flambds,
1056 2689 1097 2746 cg.
1128 2691 1179 2747 pro
1206 2672 1272 2730 Hol.
1294 2675 1451 2747 frondem
1482 2679 1509 2731 et

886 2749 1040 2823 frondem,
1058 2767 1109 2824 pro
1132 2749 1272 2806 mundove.
1304 2750 1360 2807 Bc‘e
1379 2770 1413 2809 cx
1427 2751 1507 2808 Goth.

896 2826 954 2881 luet
983 2831 1014 2881 ut
1042 2825 1110 2882 deaie
1138 2844 1172 2884 ex
1202 2825 1284 2883 Goth.
1315 2827 1379 2886 odei.
1422 2827 1507 2903 Apud

834 2932 837 2963 ι
894 2900 1074 2972 Dodonaeum
1114 2903 1201 2971 1162,
1229 2903 1403 2976 fram-teate,
1435 2903 1507 2978 Aug.

168 2978 329 3047 BAGINE,
355 2978 463 3037 devota.
506 2980 589 3039 Barb.
616 2981 677 3037 Lat.
703 2970 837 3056 baptimo?
893 2979 1049 3055 raspderrp,
1070 2978 1155 3036 rubus
1175 2979 1272 3035 idaeus.

207 3055 342 3131 Beguinae
361 3060 428 3113 snut
448 3056 568 3131 virgines
589 3057 720 3126 vestales,
740 3056 819 3113 initio
855 3053 1051 3123 honnebei,
1082 3074 1124 3130 cg.
1154 3055 1308 3112 vaccinium
1341 3055 1403 3113 vitis
1428 3056 1506 3115 idun.

210 3131 361 3201 modestae,
394 3132 462 3209 pira,
496 3152 587 3209 purm,
621 3152 758 3208 pauperes
791 3138 819 3189 et

208 3207 323 3265 miseros
343 3208 420 3265 omui
437 3228 539 3284 genere
554 3209 751 3267 beneficiorum
766 3208 818 3266 sibi

208 3283 408 3353 devincientes,
435 3285 484 3342 aed
504 3286 586 3362 lapsu
606 3286 739 3362 temporis
759 3286 818 3343 lux·

893 3130 968 3188 Hall.
999 3133 1060 3188 141.
1091 3130 1156 3189 Hol.
1184 3131 1247 3188 rode
1267 3131 1402 3189 bosel-bec.
1434 3134 1506 3208 Aug.

893 3208 1030 3283 dil-berry.
1053 3239 1093 3251 -
1117 3207 1370 3279 irenacei-statua,
1399 3209 1437 3285 pl.
1458 3229 1506 3286 pe·

891 3283 954 3342 tioli
968 3284 1031 3342 vitis
1049 3283 1140 3352 idreae,
1162 3303 1231 3360 quos
1245 3284 1414 3344 manducant
1426 3287 1506 3364 puori

208 3360 276 3418 uriae
303 3359 413 3419 deditae.
451 3362 552 3419 Confer
571 3363 701 3421 Boucher
720 3364 835 3445 dippum,
892 3360 989 3418 Frisiae
1009 3360 1046 3418 ob
1066 3380 1194 3437 saporem
1214 3362 1363 3419 aeidulum.

208 3437 330 3507 Grimm,
345 3437 387 3495 W.
395 3438 422 3495 b.
446 3439 540 3514 lepino.
561 3472 601 3484 -
624 3439 768 3516 Praecipue
787 3440 817 3497 in

206 3532 255 3571 ore
275 3515 373 3591 populi
393 3522 452 3573 erat
472 3515 656 3592 beguiuarnm
683 3517 817 3594 plurimas

205 3590 290 3649 luisse
315 3591 435 3662 cotillas,
483 3611 548 3651 nare
568 3594 617 3651 vul
637 3612 668 3650 us
688 3593 817 3670 quaedam

206 3667 334 3744 cupedia,
363 3687 425 3744 quac
452 3611 507 3727 illis
532 3669 563 3727 in
591 3670 625 3727 dc
639 3669 697 3728 'ciis
722 3674 816 3738 eruut,

205 3744 301 3819 depinoe
320 3744 432 3802 nomine
446 3745 624 3820 insigniebat.

854 3437 960 3495 bvite
990 3437 1062 3507 bci,
1092 3438 1160 3496 ribis
1189 3456 1243 3496 nvo
1267 3438 1344 3509 alba,
1373 3458 1501 3517 saporem

891 3515 1003 3572 suavior
1023 3515 1113 3573 rubria.

852 3590 1030 3660 iem-bei,
1057 3611 1098 3668 og.
1124 3591 1266 3666 (jird-bei).
1293 3592 1331 3668 pl.
1353 3593 1501 3669 ie‘rdbepen,

890 3669 975 3744 fraga.
1006 3668 1053 3726 Nl.
1073 3669 1232 3738 cerddeeie,
1260 3667 1350 3727 Alam.
1373 3671 1500 3746 ertperi,

890 3745 962 3819 Aug.
982 3746 1160 3822 atram-derry.

168 3818 448 3895 begine-kosle,
469 3841 509 3880 cv.
524 3822 612 3880 libum
625 3806 833 3880 saccharinum
853 3820 1031 3891 lars-bei,
1045 3823 1209 3892 Ditbmarsi,
1224 3841 1357 3882 cerasum.
1373 3824 1412 3900 pl.
1426 3825 1502 3882 leora-

205 3896 439 3956 delicatiseimum.
455 3869 510 3955 Hd.
520 3900 718 3974 depluat-burae,
730 3898 832 3974 dapes.
889 3898 977 3955 belen:
1003 3899 1200 3975 pronuntiatur
1216 3901 1361 3970 kas-teies,
1387 3905 1419 3958 ut
1437 3902 1467 3960 F.
1475 3920 1502 3959 u.

205 3973 459 4050 conquisitissimae.
493 3977 523 4032 It
547 3975 602 4033 fied
608 4022 615 4046 ,
641 3975 753 4032 dastloa
773 3996 815 4052 my

889 3975 950 4044 kaie,
990 3977 1028 4052 pl
1061 3977 1166 4045 kdaaen,
1198 3993 1250 4052 pro
1283 3979 1359 4047 kara,
1399 3979 1503 4036 tarsen.

197 4052 271 4124 joran
289 4051 374 4120 lmte,
400 4051 509 4124 biaoarje
527 4052 556 4108 ilc
575 4073 605 4110 aa
624 4053 814 4128 beffiae-tocke,
890 4052 978 4110 Saul
998 4054 1149 4111 leuare-decr.
1178 4053 1208 4111 Il.
1229 4053 1310 4123 lecara,
1331 4072 1464 4113 cerasum.

204 4145 288 4216 quam
316 4127 384 4184 mihi
411 4127 512 4186 dedisti
533 4130 699 4186 cantilenam
719 4129 749 4187 in
769 4129 831 4186 det
852 4127 1016 4198 brus-bei,
1037 4148 1078 4205 eg.
1091 4131 1163 4187 ribcs
1176 4147 1232 4186 uva
1245 4130 1343 4207 crispa.
1365 4131 1440 4189 Hall
1456 4136 1502 4188 85.

204 4203 275 4261 lrcns
295 4204 384 4261 habeo
405 4209 434 4261 et
453 4223 563 4262 summa
582 4225 648 4263 cura
668 4225 756 4263 servo.

166 4280 433 4357 begine-totle,
448 4301 475 4339 n.
489 4281 545 4353 (be
568 4281 753 4354 'metuit-ke)
768 4281 814 4339 be·
829 4294 831 4308 ¹

205 4357 297 4433 guium
321 4359 456 4417 osculum.
488 4359 585 4416 Puelu
612 4378 702 4434 genua
728 4359 831 4437 flectit,

890 4205 946 4262 lld.
967 4206 1178 4263 kraumelderea.
1208 4206 1383 4279 Dodonaeus,
1413 4209 1501 4277 llil,

888 4283 1046 4340 elehel-dente
1064 4286 1121 4357 oste
1140 4283 1305 4342 kroeadeaien.
1338 4285 1387 4343 Nl.
1402 4287 1502 4343 troese-

889 4359 942 4428 len,
963 4359 1045 4417 idem.
1076 4359 1122 4416 Nl.
1135 4360 1313 4431 laer-berieu,
1332 4361 1416 4419 idem.
1431 4367 1502 4436 Aug.

203 4440 269 4510 post
287 4435 381 4494 sedem
400 4455 432 4494 os
454 4441 563 4494 vertens
582 4435 612 4493 in
626 4436 685 4511 ejus
699 4435 813 4493 dorsum
885 4436 1068 4511 pooseberriea.
1088 4436 1256 4507 Ditbmarsi,
1279 4440 1374 4495 stillet
1381 4483 1388 4508 ,
1408 4437 1503 4512 (bacca

206 4509 385 4581 clathratum‚
413 4533 463 4588 per
490 4512 567 4589 quod
588 4512 699 4587 juvenis
724 4512 831 4586 genunt

203 4586 317 4644 flectens
353 4594 416 4645 aute
453 4589 548 4647 sedem
584 4589 706 4666 puellum
734 4572 830 4671 occu-l

203 4661 284 4720 latur.
315 4663 402 4722 Hicee
427 4664 505 4723 lusus
526 4666 659 4740 juvenilis
686 4683 737 4741 per
756 4670 831 4784 tres}
850 4663 886 4742 ly

203 4739 297 4800 secula
316 4744 345 4799 et
363 4740 440 4820 quod
460 4743 580 4804 excurrit
598 4741 686 4802 stetit

888 4517 1035 4646 pungens.)
1067 4513 1133 4572 Hol.
1153 4514 1309 4572 kruicdoren
1326 4515 1426 4583 berieu,
1446 4513 1501 4571 Kil.

912 4633 919 4646 .
939 4590 1095 4659 truciter,
1116 4610 1194 4648 coma
1214 4591 1312 4668 crispa.

893 4665 1064 4737 ster-bei,
1085 4686 1126 4743 cg.
1146 4667 1221 4725 sorbi
1239 4665 1396 4743 aucupariae
1411 4666 1502 4725 bacca.

889 4741 934 4800 Ex
959 4743 1022 4803 Lat.
1048 4744 1140 4802 cordua
1164 4749 1207 4802 est
1226 4743 1300 4821 Aug.
1319 4745 1425 4804 amice.
1455 4743 1502 4804 Nl.
