3256 5310
158 193 212 257 615

437 351 539 410 unat.

1451 197 1511 258 olo

1092 347 1276 408 DARTIEN.

195 427 260 497 dor,
290 426 322 487 F.
331 447 355 487 r.
385 427 457 487 dore.
501 428 606 487 Contra
634 427 701 503 Aga.
730 428 816 499 dura,
853 426 1051 497 DARKER'I',
1076 443 1209 497 naama,
1229 446 1284 562 pigi
1304 425 1414 503 juvenis
1434 443 1513 488 oom-

196 504 244 563 Isl.
270 505 338 583 ἄγη·
365 505 414 563 sed
443 506 515 582 Aug.
540 525 558 562 u
579 504 728 564 mutabant
753 504 820 563 ind

197 580 279 639 door:
299 581 389 640 Alam.
410 582 518 641 vocales
538 603 556 639 a
576 588 604 641 et
623 602 638 640 o
658 582 754 640 ambas
772 582 818 640 ha·

197 656 301 718 bebant
326 658 355 716 in
379 660 441 717 thur
461 664 489 716 et
508 660 577 717 thor.
606 659 685 718 Adeo
706 659 817 718 difficile

197 743 240 793 est
260 741 365 796 certem
385 736 414 794 in
435 736 478 794 his
498 755 623 813 quaerere
646 735 778 811 regulam.

159 808 267 883 DARI,
287 829 393 883 naam,
416 832 457 889 og.
479 813 555 871 leuto
575 819 602 871 st
622 812 715 871 tenuis
734 818 818 870 mate·

199 888 239 946 ria
264 891 400 961 caustica,
426 908 490 966 quae
516 909 566 966 per
592 896 677 948 strate
693 889 768 962 jacet
788 890 817 947 in

198 964 304 1025 fodinis
331 967 462 1025 causticis
485 986 589 1043 sparsa.
629 966 756 1026 Arefecta
775 966 818 1024 in-

891 511 952 575 tus,
973 523 1071 580 gressu
1092 505 1216 562 feroculo
1298 503 1368 562 mire
1381 504 1513 582 placem,

888 582 999 658 juvenis
1029 580 1200 657 compositus
1231 581 1259 639 in
1288 581 1516 642 ostentationem.

892 660 976 716 Hroat
995 658 1038 715 ica
1062 659 1159 716 dartet
1183 658 1208 715 ia
1235 677 1267 715 as
1291 659 1363 716 detra
1387 659 1440 716 mei
1464 679 1516 736 aya

893 754 943 813 aye
967 734 1035 793 freed
1058 734 1108 793 iad
1130 752 1221 812 moaye
1241 736 1386 793 troclea!
1415 735 1465 794 IsL
1486 741 1518 795 ot

893 818 956 888 repa
981 812 1022 888 sig
1048 812 1142 879 derit,
1167 811 1337 886 jactabunda
1356 812 1437 882 ferri,
1458 813 1517 871 An·

893 889 975 948 dreae.
1011 889 1059 947 Isl.
1089 888 1190 958 darta,
1220 907 1372 966 properare
1401 907 1516 966 gressus

892 966 997 1042 absquo
1028 965 1176 1024 velocitate
1202 965 1326 1042 analoga.
1355 965 1410 1038 (cf.
1437 967 1514 1042 Aug.

200 1041 338 1112 durescit,
368 1044 511 1102 assulatim
532 1043 681 1120 frangitur,
708 1049 737 1102 et
756 1040 840 1115 notai
892 1047 919 1100 te
945 1043 1024 1112 dare,
1050 1042 1134 1100 Shalr.
1160 1060 1326 1118 provocare,
1354 1041 1430 1101 Secti
1450 1042 1516 1101 der·

199 1119 391 1179 vehementem
419 1121 485 1179 citat
511 1120 645 1190 calorem;
671 1121 701 1179 iu
722 1118 840 1195 carbo-J

891 1138 953 1189 rea,
983 1118 1066 1179 idern.
1096 1119 1144 1177 Isl.
1174 1118 1240 1176 ddre
1269 1118 1448 1189 temerarius,
1480 1120 1515 1180 A.

197 1214 247 1254 nes
268 1217 346 1256 versa
366 1198 507 1275 rumpitur
527 1202 555 1255 et
568 1198 623 1257 cito
637 1197 839 1273 extinguitur!
892 1196 992 1254 Devon
1025 1196 1140 1265 darous,
1172 1195 1257 1265 bold,
1292 1195 1399 1271 during.
1439 1198 1515 1273 Aug.

198 1273 332 1332 Nascitur
353 1294 385 1333 ex
408 1274 568 1352 putrefactis
582 1275 685 1351 plantis
699 1274 817 1332 maxime

198 1351 383 1440 aquatilibus,
414 1352 512 1487 quales
541 1357 608 1410 eunt
636 1351 816 1420 arundineta,

194 1447 286 1502 Junci,
313 1428 399 1500 algae,

893 1272 991 1330 (lumb.
1011 1273 1119 1342 darter,
1139 1271 1237 1330 active.
1267 1271 1315 1330 Nl.
1332 1271 1434 1343 dartel,
1453 1272 1515 1332 der·

893 1350 941 1419 tel,
972 1349 1004 1408 Il.
1031 1350 1133 1418 dertea
1165 1349 1312 1425 petulans,
1341 1349 1515 1410 temerarias.

440 1430 473 1487 sl.
493 1431 570 1498 tter,
596 1428 667 1503 alga.
697 1472 714 1498 „
727 1431 817 1498 Dare,
893 1427 924 1484 F.
950 1426 1075 1498 derkert,
1095 1427 1161 1485 Hal.
1179 1444 1224 1484 een
1243 1426 1339 1498 brem.)

197 1504 260 1563 Sar.
271 1505 341 1563 Fris.
356 1511 409 1574 ast,
424 1505 518 1580 (hodie
531 1507 595 1577 ieet)
611 1505 742 1564 ustrina'’
761 1504 816 1563 Kil.
855 1502 1043 1574 DARTIllN,
1071 1522 1147 1561 num.
1175 1501 1303 1578 (dattien)
1329 1502 1395 1562 nu.
1421 1503 1516 1564 trede-

893 1580 955 1638 cim.
986 1581 1053 1640 au.
1084 1585 1223 1639 mutantes
1253 1581 1282 1637 tt
1307 1579 1337 1639 iu
1362 1579 1383 1637 d
1406 1579 1515 1640 faciunt

893 1675 957 1715 cunr
983 1657 1032 1715 Nl.
1058 1657 1168 1715 delira.
1194 1656 1238 1715 Ite
1258 1663 1287 1716 et
1306 1656 1368 1715 lto.
1388 1655 1514 1727 damin

895 1734 944 1792 sed
959 1735 987 1791 tl
1000 1733 1029 1792 iu
1043 1734 1073 1792 ll.
1090 1734 1217 1805 threttiia.
1245 1733 1391 1810 Quantum
1404 1734 1439 1792 ad
1452 1733 1514 1793 the-

892 1811 976 1871 matis
1000 1812 1124 1882 vocales‚
1146 1831 1181 1869 ex
1201 1810 1334 1869 alterutra
1353 1809 1442 1870 vocali
1462 1810 1515 1870 dn·

892 1888 960 2025 plici
988 1894 1115 1946 veterum
1142 1893 1207 1946 nats
1234 1887 1358 1957 ridetur;
1385 1907 1404 1944 a
1429 1906 1462 1946 ax
1482 1887 1515 1946 ia

197 1581 268 1640 Inde
293 1581 438 1656 deri-torf,
470 1602 566 1659 cespes
595 1582 750 1650 seusticus,
780 1581 817 1638 el·

199 1659 304 1734 lyptice
324 1658 356 1716 F.
377 1662 444 1734 taff.
475 1659 529 1717 Per
548 1678 694 1735 apocopen
712 1657 818 1716 ultimae

200 1735 286 1810 partis
314 1738 400 1807 (turs)
428 1741 552 1794 remanet
578 1735 765 1795 Flandrorum
790 1739 818 1792 et

197 1811 384 1870 Zelandorurn
399 1812 482 1889 dury,
502 1812 593 1881 darie,
613 1812 740 1882 deriaelr,
761 1829 819 1870 ces·

197 1907 248 1964 pes
262 1888 462 1958 bituminosus;
482 1889 562 1962 nigra
596 1889 704 1948 uaedam
722 1894 749 1947 et
763 1888 817 1946 vis·

198 1982 275 2099 ιιι
292 1965 478 2100 auru
505 1908 621 2101 tul
636 1964 817 2100 ntur

198 2117 319 2176 doriaclr.
351 2118 406 2177 Pro
425 2119 505 2178 darei
523 2119 590 2179 ΗοΙ.
606 2118 708 2177 habent
721 2119 817 2178 derra'e.

198 2195 302 2253 Goufer
327 2195 395 2271 Aga.
422 2195 553 2266 manen,
582 2197 655 2273 Aug.
683 2199 709 2254 to
735 2195 816 2265 dare,

195 2271 304 2342 (ardere
323 2272 352 2330 in
373 2278 460 2345 arma)
480 2273 593 2333 audere.

232 2348 332 2406 Vicina
352 2349 476 2407 materiae
495 2349 559 2407 deri
579 2354 621 2408 est
641 2349 731 2407 altera
751 2349 818 2407 aeet-

195 2430 246 2495 ut,
266 2445 330 2502 quae
350 2426 403 2484 snb
418 2426 487 2504 ripis
500 2427 631 2496 lacuum,
651 2431 817 2502 stagnorum

197 2509 225 2562 et
252 2502 373 2560 latorum
400 2503 539 2562 canalium
564 2504 647 2571 latet;
673 2501 817 2560 invenitur

197 2587 225 2639 et
254 2598 352 2656 sparsa
381 2578 410 2637 iu
440 2584 525 2638 strata
555 2580 609 2638 sub
640 2579 756 2637 maceria
790 2584 818 2636 et

196 2656 319 2715 arenosis
340 2656 446 2733 campis
460 2656 563 2717 ericeti.
594 2656 680 2715 Haud
696 2657 816 2714 multum

909 1967 941 2024 sl.
974 1964 1130 2042 andream
1164 1963 1408 2023 Worcumensium
1436 1983 1451 2023 o
1482 1965 1512 2026 iu

892 2042 1018 2118 ttrdttjea
1038 2060 1071 2099 er
1091 2042 1123 2100 ed
1139 2041 1168 2098 in
1182 2043 1248 2116 Ags.
1268 2041 1430 2118 theodatae,-
1449 2061 1513 2102 eex

892 2119 920 2178 eo
939 2121 969 2178 in
989 2117 1020 2176 1⁴¹.
1040 2119 1177 2192 ttrettiin,
1200 2118 1276 2177 Scot.
1295 2119 1437 2189 ttrstteae,
1457 2119 1513 2179 nisi

892 2215 906 2255 e
926 2197 1022 2255 eadem
1049 2195 1085 2253 sit
1108 2214 1172 2254 oum
1193 2214 1207 2252 e
1226 2195 1256 2254 in
1276 2195 1324 2254 Isl.
1346 2197 1464 2254 tlrettaa
1484 2200 1513 2255 et

892 2273 954 2332 Lat.
980 2271 1112 2332 tredecim.
1143 2273 1298 2349 Anglorum
1318 2273 1331 2330 i
1349 2271 1378 2330 in
1398 2272 1513 2332 ίᾰίνέωη

892 2369 927 2408 ex
950 2350 977 2408 io
997 2350 1026 2407 in
1046 2349 1112 2424 flgs.
1133 2350 1265 2427 ttrietyae
1283 2348 1348 2409 lab.
1368 2350 1513 2428 proterio

892 2427 940 2484 Nl.
973 2425 1050 2494 dria,
1083 2426 1191 2484 inverse
1224 2425 1291 2496 troii,
1324 2431 1389 2484 tres.
1422 2425 1512 2487 Bend.

893 2502 1094 2592 Transponunt
1125 2503 1218 2561 literas
1251 2502 1299 2563 NL
1331 2502 1361 2561 in
1394 2502 1512 2576 deren,

892 2579 960 2638 lau.
979 2599 1009 2637 ιιι
1028 2579 1146 2650 dartiea,
1169 2581 1255 2656 Angli
1267 2580 1297 2638 in
1311 2580 1439 2651 thirtem,
1459 2600 1512 2659 pro

893 2656 1019 2727 dra-tica,
1048 2655 1181 2727 dre-tien,
1201 2657 1332 2716 tartara

197 2733 271 2792 inter
291 2752 321 2791 ss
341 2733 499 2811 discrepant
519 2733 582 2791 dari
602 2740 629 2791 et
648 2734 748 2791 scaeua.
854 2729 1003 2792 dartien
1046 2751 1129 2791 omne
1163 2739 1238 2792 notat
1271 2735 1346 2812 quod
1376 2733 1447 2793 bene
1483 2742 1513 2794 et

160 2810 260 2870 deiri
280 2810 324 2868 vel
343 2810 379 2868 kl
387 2829 445 2887 yn,
468 2830 509 2885 cg.
531 2816 603 2869 terra
623 2809 756 2879 caustica,
777 2808 818 2867 bi·

198 2886 354 2955 luminosa,
394 2887 507 2945 madida
543 2908 578 2946 ex
615 2887 703 2945 fundo
737 2905 817 2964 aquae

197 2969 297 3032 tracta,
327 2982 423 3040 sparsa
455 2983 504 3040 per
530 2963 652 3040 agellum
679 2962 816 3032 ricinum,

198 3041 295 3117 ibique
325 3039 378 3098 soli
400 3044 426 3096 et
447 3040 536 3097 ventis
557 3040 685 3117 exposita
705 3040 817 3099 taudem

197 3116 227 3174 in
257 3115 392 3191 oblongos
423 3116 510 3174 cubos
537 3124 611 3174 secta
635 3123 663 3174 st
682 3118 816 3188 arefacta,

198 3192 365 3250 Neerlandis
387 3192 449 3251 usui
469 3198 511 3250 est
530 3193 558 3251 iu
580 3194 641 3252 foco
662 3193 771 3253 alendo.

161 3267 306 3337 darinlr,
333 3276 439 3329 veteres
467 3269 580 3328 zelandi
603 3276 706 3328 terrum
726 3269 817 3329 fluxui

199 3351 227 3404 et
256 3345 376 3406 refluxui
403 3345 487 3406 maris
515 3347 639 3424 quotidie
666 3348 816 3407 obnoxiam

198 3423 325 3499 adeoque
357 3425 415 3483 sale
442 3423 548 3482 marino
579 3430 746 3496 saturatam,
780 3424 818 3482 ef·

199 3499 344 3559 fodiebant
375 3506 403 3560 et
435 3501 565 3559 siccatam
599 3502 815 3571 comburebant;

198 3578 305 3636 cineres
334 3599 397 3637 vero
423 3580 453 3638 in
478 3578 636 3655 opificiuam
657 3579 816 3637 salinariam

199 3653 349 3725 vehebant,
376 3655 427 3714 ubi
455 3674 528 3732 equa
555 3657 662 3714 marine
686 3655 766 3714 mixti
785 3655 815 3713 in

198 3732 286 3790 salem
316 3733 505 3792 vertebantur.
536 3732 604 3790 Ideo
635 3732 706 3791 hanc
736 3738 816 3790 terroe

197 3808 371 3867 effossionem
396 3815 424 3869 et
446 3809 545 3867 dar-iu
564 3810 700 3868 uocabant
719 3816 747 3867 et
766 3808 816 3865 aet-

196 3885 301 3962 neria,
328 3887 394 3945 salis
414 3887 566 3979 opificium.
596 3885 705 3944 Tabula
726 3884 816 3962 picto·

198 3962 236 4020 ris
256 3962 286 4021 G.
308 3962 412 4033 Pronk,
434 3987 462 4025 ru
483 3962 653 4023 xenodochio
670 3962 815 4022 Sierikseee

199 4046 353 4111 asservata,
383 4041 537 4101 effossionis
564 4048 592 4098 et
612 4040 815 4100 combustionis

199 4116 313 4176 modurn
344 4124 539 4197 repraeeentat3
571 4138 603 4176 ea
633 4137 697 4177 vero
722 4120 815 4195 sculp-

195 4203 255 4254 tore
282 4195 313 4255 (l.
335 4196 427 4255 Pronk
447 4198 476 4256 in
496 4195 591 4254 tabula
611 4214 687 4255 oenea
707 4195 813 4273 publici

193 4272 265 4350 juris
290 4273 361 4332 faeta
388 4279 438 4334 est.
468 4273 598 4332 Kilianus
618 4273 647 4332 iu
668 4292 734 4333 voce
754 4274 813 4332 Dc·

195 4351 272 4408 riaclr
297 4350 368 4409 hene
392 4370 455 4410 oum
475 4351 553 4410 darie
573 4356 732 4412 commutat.
757 4349 813 4411 Kil.

195 4426 273 4494 dere,
295 4428 409 4486 ustrina.

159 4503 292 4575 DARJE,
312 4521 439 4575 naeus,
460 4506 504 4565 ub.
519 4506 595 4563 relat.
616 4505 647 4563 F.
655 4525 679 4564 o.
694 4524 723 4564 se
736 4524 812 4564 com-

194 4600 323 4658 pescere,
350 4581 507 4653 detumerc,
533 4583 640 4641 scilicet
660 4582 724 4641 coeli
744 4589 811 4641 tem·

195 4664 297 4736 postas.
311 4659 443 4731 Badera,
455 4661 539 4719 idem.
549 4659 684 4730 Bedaerd,
698 4659 811 4720 sedatus

195 4734 313 4811 (homo).
342 4735 383 4795 Of.
402 4755 488 4814 supra
506 4737 617 4812 tidarJe.
640 4738 714 4796 Stiir.

893 2810 1022 2869 celeriter
1034 2810 1170 2887 procedit.
1202 2811 1234 2869 F.
1242 2830 1270 2869 u.
1283 2817 1324 2870 Aa
1336 2812 1379 2870 iere
1392 2810 1512 2882 dorileu,

892 2887 988 2957 uelox,
1018 2887 1134 2965 pernix,
1164 2887 1274 2959 hilaris,
1304 2893 1453 2965 prompte;
1482 2889 1513 2947 It

883 2967 958 3040 faur
984 2964 1082 3022 decadi
1110 2983 1140 3022 ee
1166 2964 1193 3023 'a
1217 2965 1338 3035 durtien,
1368 2963 1511 3024 laetissime

891 3043 971 3100 focus
998 3042 1084 3100 ardet
1113 3042 1169 3099 eat
1193 3042 1250 3099 aifre
1269 3042 1328 3117 tyn’
1348 3041 1440 3100 driabt
1459 3061 1512 3100 sou

891 3117 957 3176 ueer
983 3138 1013 3176 aa
1038 3118 1064 3175 ’a
1090 3116 1211 3188 dertiea,
1238 3118 1330 3178 infans
1350 3118 1510 3195 nuperrime

891 3215 906 3253 e
928 3201 1022 3253 rotans
1048 3212 1124 3252 nunc
1150 3195 1230 3253 avide
1256 3196 1334 3272 sugit
1353 3214 1511 3254 mammam.

921 3272 957 3329 ol.
984 3273 1037 3346 fflj
1062 3272 1134 3329 iseo
1154 3273 1215 3347 vlup
1234 3273 1274 3331 au
1293 3292 1337 3332 eea
1357 3271 1511 3350 dame,

892 3348 1008 3407 aviculis
1029 3347 1172 3425 pernicior
1192 3356 1242 3409 est.

931 3425 1065 3484 Numeris
1095 3425 1178 3483 variis
1208 3431 1344 3485 nostrates
1374 3427 1510 3505 quasdam

891 3521 935 3560 res
964 3503 1070 3563 faustas
1093 3502 1287 3580 infaustaeque
1310 3503 1447 3581 insignire
1466 3524 1510 3565 so-

854 3650 857 3657 ἱ
890 3577 961 3638 lent:
994 3599 1035 3638 era
1066 3599 1107 3655 gr.
1136 3597 1254 3639 numero
1281 3581 1510 3641 centesim0100

891 3656 935 3713 vel
964 3675 1027 3715 zero
1057 3675 1073 3713 0
1103 3656 1248 3727 latrinam
1282 3658 1442 3735 exegesimo
1472 3661 1508 3716 60

891 3740 1028 3803 amentes,
1059 3733 1123 3791 ΗοΙ.
1154 3732 1221 3793 uu.
1250 3735 1309 3792 Bea
1333 3737 1363 3807 y'e
1393 3733 1510 3792 usae?

890 3827 926 3867 an
957 3816 984 3868 te
1017 3810 1156 3869 dementia
1183 3811 1275 3884 copiti
1308 3811 1372 3869 lau.
1400 3829 1433 3885 op
1459 3830 1508 3886 syn

888 3886 1116 3960 ets-iaddertiola
1135 3893 1189 3947 rect
1205 3887 1283 3957 doen,
1303 3887 1411 3965 aliquid
1424 3906 1508 3964 agere

889 3962 963 4020 lente
994 3970 1023 4022 et
1051 3964 1132 4022 anxia
1162 3964 1328 4043 minutaque
1354 3965 1509 4041 diligentia.

888 4038 1027 4099 Undecim
1041 4041 1191 4100 stultorum
1207 4061 1354 4114 numerus,
1368 4041 1434 4103 Hal.
1454 4044 1512 4102 Het

884 4118 1127 4194 gethea-somme,
1154 4137 1193 4178 sc.
1220 4120 1265 4192 als¹
1285 4121 1328 4178 ll.
1365 4121 1413 4197 Hy
1443 4125 1511 4178 arcet

887 4213 957 4253 naar
976 4214 1090 4254 mamere
1109 4197 1162 4270 ets,
1193 4196 1229 4254 ad
1249 4195 1428 4256 delirantium
1448 4198 1510 4257 hos·

887 4272 991 4349 pitium
1005 4271 1171 4349 relegandus
1185 4279 1233 4332 est.
1267 4273 1331 4334 ΗοΙ.
1345 4275 1397 4349 Hp·
1408 4274 1508 4335 eedeldf

886 4351 943 4407 tera
969 4350 1011 4408 uit
1035 4369 1099 4408 ooor
1125 4350 1323 4427 ets-endcrtig,
1351 4352 1370 4409 i.
1397 4370 1420 4409 e.
1447 4370 1510 4409 acor

886 4445 948 4485 evea
970 4429 1025 4485 veel
1049 4432 1097 4501 (so.
1121 4432 1188 4501 root)
1210 4446 1397 4506 quaecumque
1416 4426 1443 4484 ei
1463 4445 1509 4484 ex·

886 4503 1007 4580 probrat.
1036 4505 1067 4564 F.
1076 4525 1102 4564 u.
1125 4507 1165 4563 De
1186 4505 1268 4582 goede
1285 4522 1379 4580 men,
1398 4501 1505 4574 (bonus

884 4600 1018 4641 numerus
1039 4587 1067 4656 9)
1087 4582 1178 4641 infans
1197 4580 1289 4641 suade
1309 4586 1337 4639 et
1360 4575 1507 4656 procidua

884 4659 998 4736 proprie
1028 4678 1164 4796 nqpqerus
1193 4654 1508 4795 fungusNgmipmguplp

889 4754 1033 4809 anserum,
1113 4753 1239 4813 genu-sp
1263 4777 1271 4795 .
