3256 5310
157 220 211 274 203

418 371 551 432 antur.

191 468 256 526 pen,
286 448 380 505 iratus.
420 449 450 506 F.
476 451 632 526 feriolum,
662 451 835 513 inflamrna·÷

199 527 274 583 tione
312 532 423 582 tumens
462 527 594 598 (vulnus).
647 529 707 586 Lat.
742 520 836 583 aurel

198 605 307 670 iratum,
342 606 405 678 Ags.
426 604 531 679 delpcu,
553 604 647 673 irasci,
669 606 706 681 ps.
726 586 835 673 tectu*

196 681 233 755 pl.
260 680 369 753 hrdpou,
393 682 429 755 pf.
447 700 472 756 p.
494 681 587 756 helpen.
628 681 731 738 Confer
751 682 814 738 lhre
833 690 835 735 t

195 757 284 824 lolia,
305 755 389 813 unda.

160 849 300 919 tanain,
322 868 346 904 n.
362 847 393 904 F.
403 847 429 903 b.
445 846 599 922 cingulum,
621 847 681 904 Joh.
696 851 721 905 4.
749 851 814 925 rlgs.
833 888 835 895 .

199 925 265 994 belt,
287 946 320 982 m.
352 925 399 981 lsl.
417 923 493 992 letti,
514 944 541 981 n.
562 943 641 993 zona,
663 924 812 998 cingulum.
833 924 835 983 l

196 1002 244 1059 lsl.
276 1005 365 1077 ajasor·
402 999 479 1068 belli,
520 1019 639 1058 oceanus
678 1006 835 1059 terrarumi

195 1079 290 1135 orbem
312 1077 444 1135 ambiens.
476 1077 623 1150 Egilsscn,
643 1077 725 1134 aab.
767 1079 813 1136 Nl.

195 1157 228 1212 dc
254 1156 320 1224 lete,
346 1155 363 1211 l.
385 1173 459 1210 mare
480 1153 619 1212 balticum.
653 1156 734 1210 Beolt
756 1155 813 1212 Fri·

196 1231 244 1289 siis
281 1229 447 1289 Borealibus
477 1236 537 1288 erat
566 1231 722 1300 cinculum,
757 1251 813 1309 qno

195 1308 315 1366 faeminea
342 1328 372 1365 se
399 1305 543 1364 ornabant.
582 1308 617 1365 Jo
639 1352 644 1364 .
666 1312 691 1364 4.
730 1308 835 1373 Teste,

194 1385 305 1442 Emmio
337 1387 381 1460 (p.
413 1387 466 1455 34)
498 1383 594 1441 Frisire
630 1385 748 1442 taminia
784 1386 834 1443 in!

194 1481 295 1595 {encre
308 1481 338 1519 se
353 1461 501 1531 cingebant
514 1460 626 1518 baltheo
641 1461 734 1537 magni
747 1482 812 1539 poa·
832 1486 834 1525 t

215 1539 267 1596 eris
282 1558 314 1596 ex
329 1527 418 1596 solido
432 1545 554 1612 argento.
584 1539 686 1596 Confer
700 1557 813 1615 quoque

196 1614 231 1673 G.
247 1616 272 1672 J.
301 1616 322 1670 l.
348 1618 392 1672 51.
434 1616 494 1671 Lat.
525 1615 655 1671 baltheum
687 1633 750 1672 curn
778 1616 834 1672 sit'

194 1710 248 1748 vox
279 1692 388 1749 Thusca
413 1692 429 1746 b
455 1709 512 1748 non
532 1691 598 1765 inp
620 1692 734 1761 transit,
764 1694 812 1750 sed
831 1726 833 1757 r

193 1767 309 1824 immota
329 1774 391 1825 stat.
831 1768 833 1821 l

156 1844 321 1902 bealtran
330 1864 360 1919 g,
393 1865 419 1902 n.
447 1844 508 1900 ltb.
530 1863 660 1902 mensura
682 1864 811 1920 agrorum
831 1858 833 1915 t

193 1921 345 1996 antiquata.
384 1920 446 1981 Jolr.
466 1925 492 1978 4.
830 1972 832 1981 .

156 1992 278 2077 Bbaur,
312 2030 353 2087 cg.
386 2010 481 2079 arbor,
514 2013 679 2088 repagulum
712 2013 833 2123 forum*

194 2088 231 2165 pl.
259 2088 402 2157 certamen,
430 2088 567 2161 ojanum,-
594 2091 718 2159 leamea,
747 2091 810 2148 dial.

192 2165 330 2223 australis.
370 2165 442 2240 Aug.
469 2166 554 2236 decim,
581 2187 617 2225 m.
637 2167 733 2236 arbor,
760 2128 833 2242 lig-l

192 2261 275 2310 num,
292 2242 382 2313 trabs,
396 2262 476 2311 cmx,
492 2244 633 2313 columam
650 2246 687 2321 pl.
702 2245 810 2302 herimar.

193 2320 264 2394 Aug.
285 2319 370 2389 leam,
398 2319 488 2389 trabs;
516 2322 624 2391 radius,
650 2341 706 2398 qno
727 2341 832 2393 seusu

193 2396 323 2473 ellyptice
353 2397 473 2454 sumitur
499 2417 550 2474 pro
576 2401 641 2474 Aga.
667 2400 832 2468 academia*

194 2473 287 2529 radius
322 2472 401 2541 solis,
440 2475 568 2549 proprie,
603 2483 702 2532 contus
735 2474 832 2532 solia!

195 2551 235 2606 Eo
257 2568 290 2608 ex
311 2549 340 2618 d,
365 2550 394 2607 in
415 2551 443 2607 F.
454 2569 476 2607 v.
497 2552 569 2619 brim,
592 2571 627 2608 m.
648 2553 742 2620 arbor,
764 2572 810 2628 pa-

192 2625 327 2694 tibulum,
351 2626 438 2702 stipes
463 2627 625 2695 velandas,
652 2630 689 2704 pl.
711 2630 831 2685 barrrur.²

191 2702 275 2771 Bam,
296 2702 357 2760 Fa.
372 2704 459 2771 deora,
481 2704 578 2773 dicum,
601 2705 630 2762 C.
651 2705 690 2762 M.
712 2702 831 2771 Soteri!

192 2779 278 2848 briaae,
309 2780 342 2836 G.
356 2780 380 2837 l.
410 2782 482 2838 baean
512 2789 539 2839 et
559 2783 643 2850 tram,
671 2788 831 2839 eontracta*

192 2875 247 2913 vox
274 2876 307 2912 ex
334 2858 435 2925 bullar,
462 2865 493 2915 nt
518 2859 574 2925 cira,
600 2859 640 2915 o‘at
668 2878 702 2916 ex
722 2835 831 2931 atlm,l

192 2932 321 3008 spiritns,
343 2952 445 3008 vapor;
466 2933 513 2991 Isl.
531 2936 647 3004 bellur,
662 2955 698 2993 m.
719 2935 809 2992 arbor.

193 3008 234 3080 (tn
247 3026 290 3064 =
304 3008 337 3064 dz
349 3029 392 3064 =
402 3013 430 3081 a)
446 3010 527 3067 Goth.
547 3012 647 3085 loprae,
663 3030 698 3068 m.
719 3011 809 3068 arbor.
829 3076 830 3089 ἵ

191 3084 306 3142 Hiadel.
327 3085 386 3142 S.0.
401 3086 485 3155 baim,
499 3086 573 3143 idem
583 3113 590 3156 ;
602 3093 680 3162 prole
693 3088 808 3156 bcirrzeu,
829 3116 831 3137 =

191 3179 300 3235 magnae
334 3160 452 3218 arbores.
505 3163 618 3220 Molkw.
652 3165 733 3232 leem,
772 3158 831 3238 pt!

191 3238 317 3306 commen,
339 3236 421 3294 idem.
461 3239 557 3296 Sauv.
578 3240 735 3316 promiscue
753 3240 810 3296 dana

192 3321 220 3371 et
245 3313 314 3382 boin,
342 3313 379 3390 pl.
407 3335 467 3384 gen.
495 3316 569 3372 doma·
597 3325 625 3372 et
648 3318 731 3372 lema.
762 3316 809 3373 Nl.

191 3391 271 3448 boam.
319 3389 450 3449 Germani
480 3392 549 3450 «liras
578 3412 657 3450 voees
683 3394 810 3468 frequen-

191 3469 288 3525 tabant
304 3487 356 3543 pro
368 3467 480 3537 arbore,
501 3488 564 3545 quae
579 3469 667 3527 ambae
682 3470 810 3546 primitus

192 3544 328 3602 notabant
348 3564 480 3622 quercum
495 3552 526 3603 ut
540 3545 671 3604 arborum
684 3546 809 3604 omnium
829 3554 832 3609 i

192 3622 368 3697 architypum
400 3628 427 3678 et
457 3622 508 3679 deo
537 3622 655 3681 maximo
685 3643 832 3693 sacrum3¹

193 3697 314 3772 exempli
348 3698 436 3772 gratia
470 3699 552 3756 Goth.
585 3700 684 3774 boma,
719 3700 832 3777 Graes

193 3777 304 3856 Φηγός,
328 3806 446 3863 quercus
460 3790 584 3858 esculns;
599 3791 680 3847 Goth.
695 3789 766 3859 triu,
783 3812 809 3848 n.
829 3848 831 3853 ,

194 3879 282 3935 Graec.
301 3867 380 3946 δρῦς,
402 3898 528 3955 quercus.
555 3881 630 3939 Nota
644 3884 710 3953 Aga.
724 3882 808 3950 team,

191 3954 287 4023 arbor,
314 3973 376 4012 curn
398 3956 483 4025 leem,
511 3956 592 4025 tuba,
620 3958 689 4016 nibil
710 3958 809 4017 babere

191 4050 351 4101 eommune;
371 4032 453 4100 deam,
476 4033 554 4104 tuba,
575 4036 680 4111 Ange.
694 4036 760 4104 lena,
775 4055 809 4093 ex

191 4109 404 4185 onomatopoiea
417 4110 481 4168 ficta
495 4130 560 4179 vox,
574 4132 637 4169 curn
653 4114 716 4188 bgs.
726 4113 809 4189 lyme,

191 4185 267 4255 tuba;
288 4187 393 4262 hymen,
414 4187 482 4244 tuba
502 4207 613 4259 canere3
635 4189 681 4247 Nl.
699 4190 809 4259 demirer,
850 4216 855 4227 ·

191 4269 371 4340 tympanum3
392 4265 519 4334 botarum,
542 4284 681 4335 resonare,
703 4273 810 4343 tympa-

190 4374 257 4413 num
272 4355 396 4431 pulsare,
415 4358 503 4415 Graec.
523 4344 661 4423 βόμβος,
685 4358 809 4431 ejusdem

192 4438 234 4488 est
253 4432 377 4507 originis.
828 4494 830 4517 ,

230 4507 284 4565 Per
297 4509 462 4567 amimalium
477 4510 561 4567 Frisii
575 4511 635 4568 loco
645 4510 717 4566 teau
727 4514 808 4568 utun·
828 4542 830 4549 >

190 4589 237 4640 tur
257 4584 303 4640 Nl.
322 4585 394 4641 boam
412 4606 464 4660 pro
484 4586 561 4644 trabe
581 4592 736 4644 transverse
749 4586 809 4643 flui-

191 4665 268 4717 tante
286 4667 350 4717 ante
365 4669 477 4737 portum
491 4669 518 4719 et
532 4663 649 4720 navibus
662 4663 809 4721 introitum

190 4735 361 4795 occludeuta.
389 4738 480 4808 Boom,
501 4740 729 4814 camerlengus,
750 4757 806 4815 quc

1388 296 1390 300 ἱ
1452 226 1509 284 aaa

1115 354 1232 433 anau.

888 453 973 507 nauta
998 469 1097 508 navem
1123 452 1261 528 propellit.
1307 453 1393 512 Haud
1426 455 1507 513 aliter

888 547 939 603 pro
970 527 1000 583 F.
1011 547 1034 584 v.
1065 530 1278 603 reputatae-dame,
1309 530 1404 601 arbor,
1425 551 1509 609 quer·

888 623 950 672 cus,
972 604 1044 661 circa
1064 624 1148 680 quarn
1168 607 1280 663 comitia
1300 616 1327 665 et
1339 608 1445 681 judicia
1459 607 1506 665 ha·

888 680 1032 749 bebantur,
1053 683 1139 739 semel
1161 682 1261 758 legitur
1275 685 1456 758 upatclaboma.
1469 718 1507 728 -

890 760 935 814 lea
962 757 1065 814 keerdel
1093 779 1124 815 a:
1150 761 1191 815 ieu
1217 761 1303 826 baara,
1334 762 1388 833 [uir
1414 762 1504 819 arbori

889 834 998 902 similis)
1032 835 1075 891 vir
1108 836 1279 911 praegrandis
1310 843 1337 893 et
1367 838 1505 895 robustus.

889 911 1117 984 Anglosaxonum
1152 919 1235 987 poeta
1273 913 1405 971 t'Jredmon
1437 914 1505 973 duas

889 1006 968 1044 voces
989 988 1204 1062 conglutinavit3
1225 1009 1263 1046 vs.
1284 993 1372 1059 3415,
1391 992 1505 1048 ver-deo·

887 1083 956 1131 creua,
978 1065 1015 1138 pl.
1036 1065 1162 1140 proprie,
1183 1067 1276 1123 viriles
1296 1066 1422 1137 arbores,
1444 1069 1462 1126 i.
1481 1089 1503 1125 e.

889 1139 939 1196 viri
960 1141 1026 1197 celsi
1047 1147 1074 1197 et
1093 1142 1228 1199 lacertosi.

926 1215 968 1272 ln·
994 1218 1041 1273 kat
1066 1223 1110 1275 aet
1132 1218 1155 1274 'e
1173 1219 1244 1274 deam
1263 1221 1338 1288 sicea,
1359 1220 1441 1277 felem
1462 1240 1504 1279 re·

888 1293 996 1368 tugiam
1016 1294 1044 1350 in
1065 1295 1162 1352 arbore
1180 1303 1350 1370 quaerentem
1364 1297 1505 1354 incantare

832 1376 834 1389 ¹
887 1369 974 1426 oeulis
1001 1370 1115 1429 intentis
1136 1384 1166 1428 ut
1186 1372 1348 1441 descendat3
1375 1374 1504 1449 figurate,

832 1472 834 1477 ·
887 1453 1018 1503 eventurn
1051 1447 1090 1505 rei
1125 1468 1206 1506 mane
1236 1456 1386 1526 antequam
1415 1458 1442 1507 te
1468 1449 1504 1506 ad

887 1524 990 1580 factum
1012 1524 1147 1599 accingas.
1160 1558 1199 1569 —
1212 1526 1303 1600 Hebae
1315 1526 1400 1594 leam,
1422 1527 1504 1584 arbor

886 1598 949 1656 alta.
987 1602 1040 1657 Fen
1060 1602 1090 1657 di
1109 1602 1187 1676 ltebpe
1208 1603 1278 1658 heom
1299 1605 1336 1676 df
1351 1608 1439 1670 torre,
1462 1603 1505 1660 vel

886 1676 954 1745 lidie,
968 1677 1107 1746 arborem,
1122 1697 1178 1735 non
1192 1679 1314 1736 fructum
1329 1698 1505 1748 consumere,

887 1771 941 1811 non
963 1773 997 1810 ex
1016 1773 1068 1811 usu
1089 1755 1138 1812 sed
1158 1762 1233 1814 sorte
1253 1756 1353 1813 vivere.
1373 1789 1411 1800 -
1431 1758 1505 1814 er

885 1835 916 1886 ut
935 1830 957 1886 'c
969 1829 1048 1906 labae
1065 1832 1136 1888 leam
1152 1834 1230 1902 lelio,
1251 1832 1353 1890 liberos
1367 1851 1503 1891 arcessere

887 1926 920 1964 ex
944 1905 999 1963 alta
1029 1909 1141 1978 arbore,
1169 1909 1272 1967 liberos
1299 1929 1402 1985 parere.
1437 1910 1502 1967 aar·

831 1994 833 2021 r
886 1983 1028 2041 madverte
1058 1985 1130 2043 inter
1159 1986 1265 2044 Frisios
1295 1988 1349 2044 late
1379 2006 1503 2062 sparsam

888 2080 947 2119 esse
979 2061 1107 2119 labellum
1137 2063 1259 2120 insontes
1293 2063 1441 2139 provenire
1470 2082 1504 2120 ex

885 2138 985 2195 arbore
1005 2158 1125 2197 concava
1145 2140 1188 2202 (di
1208 2141 1276 2197 holle
1289 2141 1373 2210 deam)
1388 2158 1504 2196 summae

885 2215 1059 2292 antiquitatis
1080 2224 1107 2274 et
1121 2217 1337 2291 magnitudinis,
1359 2236 1421 2293 quae
1435 2216 1503 2273 late-

885 2292 933 2349 bat
957 2292 985 2349 in
1013 2293 1148 2351 immensa
1175 2296 1261 2370 sylva.
1301 2292 1504 2350 Transisalanis

885 2368 981 2426 eadem
1011 2370 1104 2427 sabula
1132 2389 1194 2427 curn
1223 2371 1318 2428 Frisiis
1348 2370 1503 2428 communis

885 2453 939 2513 est,
955 2446 1003 2503 sed
1018 2447 1160 2503 Threntire
1175 2447 1345 2505 mulierculae
1357 2446 1504 2522 perbibent

884 2521 1005 2579 infantes
1024 2523 1147 2580 nascier
1163 2524 1278 2580 tumulis
1293 2522 1502 2591 vetustissimis,

885 2617 954 2674 quos
981 2618 1014 2655 en
1042 2597 1183 2674 lapidibus
1205 2601 1320 2658 rudibus
1341 2601 1442 2657 siliceis
1463 2600 1503 2656 iu·

884 2675 974 2750 gentis
1002 2675 1098 2733 formae
1118 2684 1256 2735 extructos
1276 2678 1421 2753 appellant
1439 2678 1503 2733 lara

883 2751 1019 2809 nededdea.
1046 2752 1091 2810 Ad
1111 2754 1238 2812 arborem
1260 2754 1415 2811 natalitiam
1435 2753 1503 2810 allu-

884 2828 950 2885 dere
991 2829 1099 2886 vidctur
1138 2831 1234 2899 arbor,
1280 2850 1334 2907 qna
1375 2835 1503 2905 parentes

884 2905 1031 2962 Alamanni
1045 2905 1187 2964 celebrant
1200 2907 1302 2964 sestam
1317 2907 1373 2962 nati
1386 2906 1502 2974 Christi,

887 2982 1065 3037 etrier-taum
1085 2982 1172 3050 dieta3
1193 3001 1228 3039 cx
1244 3002 1277 3040 ea
1291 2984 1363 3039 enim
1379 2982 1502 3057 pendent

884 3058 964 3133 quasi
985 3064 1026 3112 tot
1047 3059 1151 3115 fructus
1171 3077 1253 3114 omne
1276 3077 1364 3132 genus
1387 3077 1501 3114 munus-

884 3133 959 3201 cula,
980 3132 1081 3208 quibus
1096 3134 1189 3190 inians
1203 3152 1298 3191 recens
1313 3142 1394 3190 natus
1408 3151 1500 3208 aequa-

884 3208 925 3266 les
962 3209 1097 3267 honestat.
1147 3209 1218 3267 Inde
1252 3228 1364 3285 quoque
1398 3208 1500 3284 pendet

885 3330 900 3354 „
916 3285 997 3342 arbor
1020 3286 1287 3361 consanguinitatis”
1304 3287 1334 3342 F.
1344 3305 1366 3342 v.
1381 3284 1416 3342 da
1429 3284 1501 3339 laem

884 3362 929 3419 dea
946 3362 1040 3432 aidica,
1060 3362 1088 3420 in
1104 3382 1158 3439 qua
1174 3363 1278 3438 posteri
1292 3382 1325 3421 ex
1340 3361 1501 3438 pareatibus

884 3444 916 3496 ut
933 3439 1001 3496 rami
1020 3460 1054 3497 ex
1073 3440 1169 3496 arbore
1183 3448 1275 3497 ortum
1290 3439 1402 3497 ducunt.
1432 3437 1502 3494 'Pan-

885 3515 948 3573 dcm
969 3516 993 3573 si
1014 3516 1072 3575 baec
1094 3517 1189 3593 opinio
1211 3522 1316 3574 veteres
1337 3517 1502 3591 pervasisset

885 3593 1016 3668 populos,
1043 3613 1130 3668 genus
1157 3593 1310 3651 humanum
1330 3592 1419 3668 gentis
1441 3591 1503 3667 dry-

884 3669 968 3726 adum
996 3670 1084 3728 instar
1104 3690 1119 3728 e
1139 3670 1225 3747 sylvis
1247 3690 1306 3728 esse
1327 3675 1437 3736 natum,
1464 3668 1503 3724 ita

885 3750 916 3801 ut
944 3746 1057 3804 arbores
1083 3753 1217 3824 tauquam
1237 3754 1339 3804 matres
1360 3745 1503 3802 hominnm

883 3821 1065 3891 haberentur,
1086 3843 1142 3881 non
1164 3823 1328 3880 miraremur
1348 3831 1407 3879 tum
1428 3821 1504 3878 Grae·

884 3917 930 3956 cos
951 3905 979 3955 et
1000 3900 1155 3968 Romanos,
1177 3905 1236 3957 tum
1257 3898 1426 3966 Germanos,
1447 3898 1504 3973 ple·

885 3975 978 4051 risque
996 3976 1126 4033 arborum
1141 3975 1300 4034 nominibus
1316 3974 1504 4051 adsignarisse

883 4070 971 4124 genus
991 4052 1171 4109 foemininum.
1206 4052 1359 4110 Grimmius
1373 4052 1432 4122 (Gr.
1452 4050 1504 4108 ΙΙΙ.

884 4131 951 4200 368)
972 4128 1038 4186 citat
1056 4129 1191 4205 exemplu.
1226 4128 1328 4187 Cantor
1342 4128 1452 4186 walderi.
1467 4160 1505 4171 -

884 4206 918 4262 Ilc
948 4206 991 4261 bia
1011 4210 1064 4280 sen
1089 4226 1120 4263 rra
1145 4224 1251 4263 memma
1277 4209 1344 4263 lunt
1368 4207 1430 4280 lana
1457 4209 1506 4261 aot

828 4344 831 4353 Δ
883 4302 934 4339 aaa
963 4282 993 4338 di
1022 4282 1091 4339 be'cm
1123 4283 1208 4357 pisae,
1239 4288 1266 4355 (a
1297 4289 1375 4358 parte
1408 4280 1504 4338 matris

884 4377 1059 4435 nequaqnam
1086 4358 1122 4417 ad
1148 4359 1275 4417 arborem
1303 4379 1364 4415 sum
1393 4358 1503 4429 mictus)

883 4454 916 4493 err
943 4435 1060 4493 sortibus
1089 4436 1184 4494 matris
1212 4436 1321 4513 proavis
1342 4433 1421 4492 tortis
1441 4451 1502 4490 sum

882 4518 971 4570 natus.
1004 4512 1105 4571 Conicr
1125 4514 1191 4571 brat.

923 4588 1003 4646 Prov.
1039 4591 1103 4647 Meu
1131 4592 1195 4647 horat
1225 4590 1267 4646 ica
1292 4590 1365 4644 taem
1390 4605 1418 4642 ao
1443 4585 1505 4658 lurp

882 4663 972 4722 datter
991 4668 1118 4739 oaasuolt,
1139 4667 1271 4724 Burman.
1297 4667 1347 4731 tt,
1375 4660 1504 4737 (cruditur

882 4741 964 4799 arbor
992 4760 1081 4819 usqae
1111 4742 1179 4801 darn
1210 4740 1299 4810 cadit,
1325 4739 1343 4797 i.
1365 4745 1399 4812 e.)
1428 4737 1504 4797 vires
