3256 5310
110 272 166 331 sas
731 252 735 260 '
845 287 849 296 ·
1402 270 1457 328 aaa

315 421 556 486 Bmmsuont.
1010 425 1243 487 BROBBEIJE.

149 523 204 563 mer
230 503 255 564 is
278 504 414 573 tedrinle,
460 503 574 562 oonlum
594 505 766 581 perfractum
839 505 869 564 ds·
894 504 1016 573 lamen
1041 506 1099 565 doer
1121 507 1170 563 aar
1187 506 1223 581 ty
1242 503 1286 562 lea
1304 500 1386 560 droor
1406 519 1458 561 oon

148 588 199 642 ast.
227 613 267 628 -
294 580 411 655 Brr‘relje
437 524 531 639 iorma
560 582 767 659 frequentativa
831 584 955 661 ferterus,
981 582 1106 659 erogatio
1134 581 1215 659 stipis
1240 577 1411 657 pauperibus
1431 578 1458 638 si

148 660 194 717 rb.
220 662 286 735 Aga.
300 659 408 735 bryson,
429 660 535 734 Ange.
549 659 644 727 briaae,
664 660 766 737 Wyek·
840 659 961 719 maxima
986 669 1029 718 est
1056 658 1179 718 afflietio.
1211 657 1295 716 Pror.
1317 656 1457 714 Brodrren

148 736 218 807 liffe,
239 737 377 810 frangere,
395 736 467 810 Aug.
482 736 580 805 droise,
600 736 661 794 Gal.
674 738 766 798 orirer.
832 740 922 810 jouroe
940 737 1038 796 eltsoor
1056 742 1105 794 nat
1115 736 1189 810 sollo
1208 739 1253 806 ta,
1275 751 1338 792 rara
1351 732 1457 810 quippe

148 815 176 873 Ζ
201 813 246 871 vel
271 833 285 871 a
308 812 396 871 oritur
416 831 451 870 ex
471 813 513 881 tt,
540 814 607 888 Aga.
626 813 766 888 beastan,
839 815 957 874 fratrum
977 813 1067 890 gratia
1085 818 1136 872 est.

149 890 282 968 perdere;
300 890 426 959 breoton,
446 894 574 950 atterere.
594 889 642 948 Isl
660 891 767 971 hydis,
784 890 1054 961 .broars·bern‚
1073 890 1112 967 pt
1133 892 1160 947 et
1175 888 1246 966 sing.
1259 886 1353 946 fratris
1368 885 1458 946 liberi.

149 965 281 1026 dentibus
302 965 481 1044 perfringere.
839 969 872 1029 F.
881 988 906 1027 v.
926 969 1114 1027 brottmdern.

111 1043 292 1118 brozelje,
311 1042 387 1101 rba.
400 1043 458 1100 fere
477 1042 552 1102 idem
568 1045 644 1121 quod
657 1045 767 1117 trirelje.
801 1045 1029 1115 broma-del,
1055 1065 1083 1103 n.
1108 1041 1279 1102 haereditatis
1305 1060 1371 1119 pars
1401 1040 1458 1100 fra·

111 1116 354 1190 BRJIDSTOEL,
374 1138 416 1196 eg.
429 1119 499 1179 aella
512 1121 644 1200 utrinque
657 1123 767 1182 munita
840 1128 928 1182 terna.
956 1122 989 1180 F.
996 1141 1023 1182 v.
1041 1120 1210 1180 bolorda.

151 1197 263 1268 tuleris,
283 1197 625 1275 quaeulnassustentant3
646 1199 767 1277 plerum-
801 1199 1054 1269 breare-soon,
1084 1219 1126 1275 cg.
1156 1195 1249 1256 trstris
1278 1195 1362 1255 filius.
1391 1195 1458 1255 Iov.

150 1294 206 1352 que
236 1274 318 1334 sedes
345 1273 508 1333 honoratior
536 1275 597 1334 heri
622 1277 667 1336 rel
692 1276 767 1336 herm
839 1277 1035 1348 betleem,
1068 1277 1135 1352 Aga.
1155 1274 1356 1344 brothor-auru,
1385 1273 1458 1348 Ang.

151 1357 293 1429 provectae
318 1351 416 1410 aetatis.
447 1351 508 1409 Gal.
527 1353 655 1418 faruald.
683 1354 768 1412 Puer·
840 1355 1024 1412 brothers-aon.

149 1446 218 1505 pera
245 1428 316 1487 hano
342 1428 450 1505 privam
476 1428 531 1486 sibi
550 1429 635 1487 habet
654 1429 767 1503 sellam,
802 1426 1362 1506 broars·wif,n.Ags.drottor·1ois,
1384 1426 1455 1502 Aug.

151 1524 214 1582 quae
227 1510 333 1575 umen,
350 1504 485 1582 quamdiu
500 1505 548 1563 illa
561 1505 664 1564 laetum
677 1513 766 1578 tenet,
840 1508 1039 1583 brothers-roife.
1068 1506 1188 1584 Antiqui
1217 1507 1283 1581 Aga.
1313 1511 1341 1562 et
1369 1504 1401 1562 ll.
1421 1504 1457 1563 ,in

150 1589 303 1658 occupatur
331 1581 445 1640 marito:
476 1582 516 1639 Di
544 1583 713 1642 kredortectre
731 1586 768 1643 eit
841 1584 944 1642 talibus
973 1585 1134 1661 oompositis
1157 1584 1265 1640 brothor
1288 1600 1345 1639 non
1372 1580 1459 1639 deeli-

147 1679 184 1737 μη
213 1659 235 1716 'e
263 1658 405 1734 drjidstoel.
448 1659 555 1716 Forsan
585 1679 639 1718 vox
669 1659 765 1720 eadem
840 1660 957 1728 nabunt,
982 1660 1031 1718 sed
1051 1659 1135 1736 Angli
1155 1664 1184 1717 ot
1203 1659 1236 1716 ll.
1256 1657 1385 1716 hodierni
1399 1659 1457 1716 dro-

151 1755 214 1794 curn
239 1734 303 1794 nv.
322 1736 461 1805 breidstol,
485 1734 555 1794 sella
574 1756 702 1813 sponsae,
724 1757 767 1814 sy·
841 1738 912 1794 thera
931 1741 960 1793 et
978 1737 1072 1794 lroors
1090 1736 1120 1794 in
1141 1754 1195 1794 oss.
1214 1753 1277 1812 gen.

151 1831 273 1947 notnyma
296 1813 471 1947 {rmakk
487 1831 550 1946 qllae
567 1814 768 1948 hilldarolnsdl.
785 1884 787 1889 Ι
802 1811 1169 1946 braegerlnansbroar,
1197 1832 1240 1889 og.
1260 1810 1357 1888 sponsi
1378 1829 1456 1888 para·

151 1908 345 1948 raeums.
425 1908 547 1959 -eo,
669 1909 767 1962 -ee,
840 1909 989 1948 nmus.

151 1966 223 2025 Dan.
242 1965 400 2025 braddoeak.
431 1965 545 2024 Veteres
563 1966 670 2026 seilicet
681 1987 767 2045 apon-
802 1909 1027 2037 herb-ibon,
1047 1966 1132 2025 irater
1144 1966 1287 2034 uterinus,
1300 1965 1386 2025 frater
1399 1964 1458 2041 ejus

151 2043 189 2100 sis
211 2043 345 2120 parabant
364 2042 460 2101 aedem
486 2043 667 2103 honorificam
688 2050 767 2104 eaete·
841 2043 891 2122 qni
917 2045 1037 2102 eundem
1062 2042 1147 2102 habet
1172 2049 1279 2121 patrem
1298 2042 1349 2100 sed
1369 2041 1459 2100 diver·

152 2119 190 2177 ris
229 2119 341 2177 sedibus
378 2119 556 2178 ornatiorem.
604 2120 766 2198 Aliquando
840 2140 901 2179 sam
921 2128 1050 2191 matrem,
1070 2120 1117 2178 vel
1143 2120 1258 2179 eandem
1278 2123 1396 2177 matrem
1409 2118 1459 2176 sed

151 2196 768 2352 ttttttttt⁶:1tl:.tt⁰tt⁶t:¹t⁰
840 2197 984 2335 itti?
997 2203 1119 2352 llll
1130 2195 1460 2349 ..Ptftttttttz

151 2351 317 2486 lilioli
331 2349 414 2484 llll
432 2350 767 2507 tlatttttnttt
841 2353 1112 2502 ttttutttt‘
1130 2355 1259 2506 titt?
1277 2348 1459 2484 toltit?

150 2523 243 2562 aarum
263 2521 362 2562 ornare
382 2522 507 2562 rosarum
528 2503 653 2574 oorollis,
683 2525 767 2583 quem
840 2506 950 2576 trudet,
971 2505 1100 2565 testiculi.
1128 2504 1194 2563 Hol.
1207 2503 1377 2577 broedertjea,
1398 2523 1459 2580 par·

150 2585 178 2638 et
215 2581 427 2656 Anglosaxones
465 2579 688 2656 frequentabant.
727 2615 767 2630 -
840 2602 883 2640 vm
910 2583 1037 2641 rotundas
1063 2581 1195 2642 scriblitae
1214 2580 1244 2638 in
1264 2579 1458 2639 aerobuneulis

150 2656 234 2732 Brjid
251 2676 306 2714 non
328 2663 371 2715 est
390 2676 424 2716 ex
436 2657 469 2715 F.
482 2656 567 2725 braid,
588 2658 638 2716 sed
652 2678 686 2718 ex
699 2665 766 2736 Aga.
840 2659 987 2735 sartaginis
1004 2679 1089 2718 aeneae
1103 2666 1197 2719 coetae.
1226 2659 1336 2727 Zoster,
1357 2659 1458 2732 (soror)

150 2734 223 2802 tad,
251 2733 330 2809 oya,
357 2734 430 2810 Ang.
456 2733 530 2791 orire
554 2733 667 2808 (braid.)
697 2736 767 2796 Haeo
840 2734 929 2793 libum
959 2736 1111 2794 rotundum
1141 2756 1175 2795 aa
1204 2735 1276 2793 farre
1306 2753 1371 2793 eum
1397 2733 1459 2792 uvis

151 2809 285 2869 derivatio
299 2810 352 2868 nisi
365 2810 447 2870 obvia
462 2815 545 2879 esset,
558 2810 622 2867 trid
633 2830 649 2868 a
662 2811 765 2882 driede,
840 2812 929 2944 fassis
953 2813 997 2871 vel
1017 2812 1194 2871 oorinthiaeia
1214 2810 1305 2869 misto.

150 2886 293 2957 incubare,
320 2906 404 2946 sensu
427 2888 618 2947 somnolentus
642 2886 766 2947 haerendi
801 2885 834 2945 ie
859 2886 1091 2960 da·brother,
1117 2909 1153 2947 m.
1176 2888 1242 2947 Rv.
1264 2886 1358 2947 sosius
1378 2886 1459 2945 soda-

148 2963 178 3022 in
208 2964 303 3042 aliquo
332 2964 407 3034 looo,
437 2963 613 3022 deducerem.
653 2964 766 3023 Phrasis
839 2962 924 3022 litatis
945 2966 1059 3034 sirium,
1086 2967 1146 3041 ejus
1166 2964 1258 3024 socius
1278 2963 1459 3024 oontributio·

149 3040 224 3099 enim
247 3045 313 3099 nota
333 3046 387 3110 est,
418 3042 458 3098 Di
479 3040 587 3097 o‘ldman
606 3040 643 3098 sit
662 3040 692 3098 ds’
710 3043 786 3105 delei
839 3060 915 3099 num.
944 3043 993 3101 Nl.
1009 3043 1213 3120 gilde-boeda.

148 3117 192 3174 dei
211 3122 238 3176 to
257 3116 363 3175 lriedea
382 3119 415 3195 dy
434 3117 464 3175 di
479 3117 554 3188 rod,
574 3136 661 3176 senex
675 3123 766 3177 totum
800 3115 1072 3190 katile-broar,
1106 3140 1150 3179 err.
1174 3119 1270 3179 matris
1296 3117 1458 3196 privignus,

149 3193 224 3252 diem
246 3194 333 3252 haeret
352 3194 428 3270 apud
448 3194 551 3254 forum.
581 3194 625 3253 lix
644 3195 721 3253 dried
734 3196 764 3254 in
839 3194 930 3254 vitrici
950 3197 1038 3256 tilius.
1058 3169 1325 3274 Holl’kolsdroeder.

148 3271 247 3341 obde,
261 3270 406 3340 incubare,
421 3276 539 3340 torrere,
559 3271 589 3328 in
603 3272 764 3349 compositis
801 3269 992 3352 broerseip
1026 3294 1059 3333 ex
1093 3273 1362 3349 brother-scip,
1395 3272 1459 3332 ur.

148 3349 181 3404 fit
200 3347 285 3420 trjtd,
312 3367 355 3405 ex.
375 3367 416 3424 gr.
436 3346 611 3482 ormenae.
839 3349 1018 3423 (fraternitas)
1038 3351 1186 3418 sodalitas,
1208 3350 1367 3425 collegium.

110 3423 204 3492 BRO,
224 3426 243 3482 f.
264 3422 328 3482 ltb.
349 3423 473 3501 pons.B
557 3427 602 3483 31.
633 3427 692 3483 Bro
712 3443 763 3502 pro
799 3421 1093 3498 broderlilrheit,
1123 3428 1144 3485 f.
1173 3427 1237 3485 Er.
1264 3425 1460 3559 pmpin‘fflm

147 3501 227 3575 drogt
263 3505 295 3558 ut
325 3507 395 3577 Ang.
427 3500 506 3558 dorro
539 3518 592 3577 pro
624 3502 762 3578 dorrouqt.
838 3507 981 3561 eontracta
1013 3503 1043 3561 in
1076 3503 1217 3580 baptismo
1251 3501 1324 3559 inter
1356 3502 1375 3561 li
1398 3521 1459 3560 eros

146 3577 250 3635 Forma
269 3577 316 3634 tro
336 3586 378 3636 est
397 3576 611 3648 Soandinavioa,
633 3577 681 3638 lsl.
700 3579 763 3652 bru,
858 3580 925 3636 atris
950 3579 1056 3637 lustrici
1076 3586 1104 3637 et
1123 3579 1259 3637 infantem
1277 3576 1458 3655 baptizatum.

147 3655 165 3712 l.
186 3673 270 3731 poue,
294 3654 368 3714 Dani
388 3654 443 3712 dro.
798 3652 823 3711 B
852 3655 1036 3724 oratoru,
1066 3656 1145 3714 vb.n.
1173 3654 1286 3723 bullire,
1319 3674 1459 3731 spumare.

106 3731 253 3800 BROAR,
287 3751 329 3808 og.
349 3729 388 3808 pl.
416 3729 559 3799 trodrrea,
587 3730 685 3801 frater,
712 3751 763 3808 per
836 3731 983 3790 Makkum.
1008 3731 1067 3792 Hd.
1089 3731 1205 3792 drodeln.
1235 3734 1275 3791 Di
1295 3732 1366 3790 ailo
1385 3733 1458 3790 trob-

144 3807 763 3944 ⁸y¹¹⁸¹ill⁸mcilnllr⁶llt¹lsillsill?
837 3809 947 3945 tlt.
961 3808 1127 3945 “illl“'lz
1153 3810 1408 3947 {ludibili
1427 3810 1461 3945 t.

143 3887 306 4040 llarzrbga.
327 3914 449 4033 blottor,
468 3961 534 4021 nv.
547 3929 761 4040 drotder,⁸Ang.
835 3907 868 4021 de
894 3931 992 4023 beders.
1018 3996 1058 4011 -
1083 3908 1243 4042 Angvlulo
1270 3964 1394 4033 orooro,
1414 3983 1460 4021 vo·

142 4039 255 4098 brother.
287 4041 327 4097 Th
352 4039 424 4099 lanis
451 4058 529 4098 more
548 4040 631 4098 solito
650 4059 761 4098 evanes-
835 4039 934 4112 lutari,
968 4041 1124 4111 Halliwell,
1160 4041 1324 4099 drodilloade
1357 4042 1386 4098 in
1418 4041 1460 4097 lis

143 4113 180 4172 eit
199 4115 274 4174 inter
293 4116 363 4175 duas
384 4115 501 4175 vooales.
527 4119 556 4172 A
574 4117 603 4174 in
624 4117 685 4174 Lat.
692 4118 761 4191 sra-
778 4144 781 4199 ἶ
834 4117 916 4178 blodo.
947 4117 995 4176 Nl.
1015 4119 1167 4188 tralleon,
1187 4116 1374 4186 contundere,
1395 4116 1460 4174 mis·

142 4194 184 4249 ter
203 4192 235 4249 tit
253 4211 268 4250 o
287 4197 320 4250 nt
338 4193 400 4252 Lat.
420 4197 507 4250 mater
527 4192 625 4251 tmnsit
643 4192 672 4250 in
692 4193 781 4269 Agat
835 4211 910 4262 oere;
931 4194 1016 4253 rixari
1022 4220 1029 4263 ;
1045 4194 1150 4264 trienni,
1168 4193 1277 4268 nugari.
1291 4192 1348 4251 Kil.
1371 4193 1459 4251 Brab-

142 4267 248 4338 modor,
274 4269 336 4328 mv.
354 4268 459 4339 moder,
486 4269 518 4329 ll.
537 4287 609 4326 moer
629 4275 657 4327 et
676 4288 760 4330 mour.
833 4270 963 4346 tetingen,
997 4289 1141 4329 sermones
1175 4269 1333 4346 nugatorii,
1360 4288 1398 4328 nu
1452 4292 1461 4340 ;

141 4343 224 4403 Frisii
244 4345 392 4405 orientales
412 4347 558 4404 mutabant
577 4347 696 4404 fractum
715 4365 760 4404 so·
834 4346 955 4405 Roomer
982 4346 1122 4406 Vissoher.
1152 4347 1225 4422 Aug.
1234 4345 1261 4403 d.
1288 4350 1315 4402 to
1340 4347 1402 4403 brad
1419 4347 1458 4417 le,

141 4439 211 4480 num
224 4421 352 4498 aspiratae
368 4425 398 4480 tr
411 4421 441 4481 in
453 4444 484 4482 so.
499 4423 534 4513 Ο..
541 4423 580 4481 Μ.
594 4427 644 4492 40,
658 4422 759 4482 drawer
833 4422 959 4500 litigare,
984 4423 1152 4513 contendere
1173 4421 1274 4481 verbis.
1305 4422 1342 4480 H.
1350 4423 1377 4482 d.
1398 4442 1459 4513 mu·

139 4499 329 4646 tttl'tt?
350 4500 757 4665 ttttutttltltr
832 4501 948 4635 titt.
969 4498 1456 4666 tttttruttt‘tntutt:

139 4653 254 4729 lrdriug.
278 4654 337 4728 Hja
349 4654 411 4726 lidie
423 4674 454 4713 as
466 4655 607 4723 drodrren,
627 4657 757 4713 amrertrae
832 4654 959 4723 torreor,
979 4653 1060 4729 (Kil)
1075 4653 1190 4723 bullire,
1208 4653 1318 4712 inverse
1332 4653 1456 4714 drotelen.

138 4730 268 4790 fraternae
308 4731 402 4790 officia
438 4731 512 4791 inter
549 4749 579 4789 aa
617 4734 754 4791 exerrant.
793 4729 980 4803 brobbela,
1001 4731 1041 4808 pl.
1060 4730 1146 4791 bulba
1166 4736 1313 4809 surgentes
1327 4730 1357 4789 in
1371 4730 1452 4804 rino,

138 4806 249 4884 stowe
267 4805 299 4866 di
308 4807 439 4883 js‘ldsoolro
457 4811 506 4868 aar
518 4826 562 4868 om
577 4807 604 4868 ’a
616 4806 754 4884 duitfodr
832 4807 966 4868 aerariaia
979 4808 1024 4869 val
1036 4828 1118 4888 aqua.
1137 4809 1300 4888 Synonyma
1312 4807 1373 4868 fere
1390 4813 1458 4867 sunt
