3256 5310
164 195 219 251 495

429 341 556 401 ΒΒΕΙΙ).

205 423 285 480 nium
311 419 521 497 possessionum
548 424 628 478 erant
653 419 823 497 pretiosissi-

205 519 257 557 mae
286 505 315 556 et
342 496 541 567 sanctissimae,
566 516 687 573 quarum
708 507 821 576 raptum

204 574 304 634 intima
336 573 529 650 indignatione
559 583 587 632 et
616 593 727 632 summo
756 595 823 653 sup·

205 652 291 729 plicio
319 649 485 727 puniebant.
514 649 572 708 Ubi
592 651 705 709 lictores
730 665 821 730 rapto-

206 748 263 787 rem
284 727 529 804 persequebantur
547 733 576 784 et
596 727 640 784 bic
655 729 684 785 in
698 728 822 806 aliquam

206 806 323 865 domum
356 804 497 880 fugiebat,
529 803 596 862 inde
629 805 658 862 in
692 804 822 876 alteram,

206 903 242 940 ex
269 883 357 940 altera
387 881 417 939 in
447 881 572 950 tertiam,
603 887 631 938 et
653 881 765 940 undem
792 883 822 940 in

206 959 359 1037 templum,
380 963 413 1015 ut
426 956 503 1034 apud
517 959 604 1016 altare
618 957 647 1015 in
661 963 723 1015 tuto
737 966 821 1030 esset,

205 1037 250 1095 lex
277 1034 420 1094 statuebat
445 1040 510 1112 post
529 1042 655 1111 ereptam
676 1034 822 1094 mulierem

206 1113 345 1190 templum
379 1132 440 1170 esse
473 1110 677 1169 destruendum
709 1118 738 1170 et
766 1117 823 1171 tres

208 1190 307 1249 domos
327 1188 460 1247 incendio
480 1187 635 1246 vastandas.

244 1266 326 1324 Frisii
352 1264 559 1323 matrimonium
583 1283 694 1342 semper
713 1284 823 1323 summo

206 1341 345 1402 habebant
373 1342 479 1400 honore
508 1342 623 1418 ejusque
649 1360 823 1400 consumma·

206 1422 311 1479 tionem
345 1417 478 1477 conviviis
511 1417 646 1476 hilaribus
679 1424 708 1476 et
739 1437 823 1477 omne

207 1516 295 1573 genus
322 1495 473 1554 festivitate
492 1494 747 1573 prosequebantur,
777 1495 823 1554 cui

206 1575 272 1632 licet
303 1582 434 1632 caeterum
465 1572 644 1649 parcimoniae
677 1571 822 1631 studentes

206 1651 292 1710 nullis
312 1649 450 1708 sumtibus
471 1647 630 1738 parcebant.
660 1647 732 1706 Inde
746 1668 822 1725 prov.

206 1730 235 1786 It
259 1728 380 1800 loertjes
403 1725 452 1784 iad
469 1731 494 1783 at
511 1725 659 1798 brilloftjen
677 1730 734 1782 mat
752 1731 783 1783 ut
801 1725 824 1784 ’e

204 1809 288 1862 romte
303 1810 377 1880 peon.
406 1801 469 1861 Tali
488 1801 639 1859 festivitate
679 1802 739 1860 nasi
759 1822 822 1861 san·

206 1881 317 1939 ciebant
358 1879 503 1938 vinculum
545 1821 708 1955 conjugale;
747 1879 757 1937 l
793 1899 823 1938 es

206 1958 281 2015 enim
306 1957 429 2034 antique
454 1954 663 2014 matrimonium
690 1961 750 2014 tum
794 1975 822 2014 e·

206 2054 284 2093 mum
304 2033 357 2091 rite
377 2039 550 2092 contractum
570 2033 725 2110 ponebant,
744 2033 769 2092 si
789 2033 822 2091 li·

205 2110 272 2170 bera
291 2109 381 2169 Frisia
401 2109 478 2186 virgo
495 2110 548 2168 sub
562 2116 728 2187 potestatem
741 2110 823 2169 liberi

205 2188 291 2248 Frisii
301 2187 721 2246 venissetcomitanteoornuum
730 2196 822 2256 cantu,

206 2265 419 2343 complaudente
455 2264 611 2322 vicinorum
647 2283 700 2322 oon
720 2264 822 2324 rotula·

205 2342 297 2412 tione,
323 2341 447 2400 accensis
467 2340 573 2400 facibus
594 2346 621 2398 et
661 2285 742 2399 uallis
762 2340 823 2399 dnl-

206 2438 252 2478 ces
272 2418 423 2477 cantilenas
444 2418 591 2477 edentibus
598 2442 606 2486 ;
644 2419 671 2475 io
680 2418 747 2493 flia
760 2419 824 2476 Fre·

205 2498 279 2555 sisne
297 2514 366 2554 eoem
386 2514 434 2553 ees
453 2495 496 2553 dr's
504 2495 571 2570 frio
590 2495 673 2552 Reae
691 2494 763 2552 wald
776 2493 826 2551 mit

205 2575 313 2632 loma
337 2573 423 2630 bland
445 2572 509 2631 eade
533 2572 583 2629 mt‘t
607 2572 674 2630 bura
697 2571 821 2642 musa

205 2652 255 2708 mit
273 2651 375 2709 boleno
393 2649 480 2707 baad
497 2648 561 2707 ende
573 2649 623 2706 mit
633 2649 722 2706 ninas
734 2649 824 2725 soaph.

208 2730 291 2801 (409,
313 2730 369 2800 26.)
390 2728 464 2784 Ante
484 2725 687 2861 ‹puinggraginta
705 2731 734 2784 et
747 2724 823 2802 quod

207 2805 328 2863 excurrit
348 2823 436 2862 annos
455 2803 491 2861 ad
511 2822 547 2862 nc
585 2802 691 2861 omines
710 2821 824 2880 provec-

206 2880 284 2939 tioris
298 2881 401 2950 aetatis,
421 2890 552 2939 caeterum
567 2880 754 2949 continentes,
770 2887 824 2938 sta·

207 2956 289 3026 biles,
303 2957 401 3015 attenti
415 2957 455 3014 rei
470 2956 630 3015 domestioae
640 2964 668 3014 et
678 2955 822 3026 taciturni,

206 3033 235 3091 in
256 3033 361 3110 nuptiis
382 3034 427 3091 vix
445 3032 559 3092 modurn
574 3032 739 3102 noscebant,
761 3052 823 3090 can·

208 3109 308 3179 tando,
336 3108 465 3168 saltando
491 3116 520 3168 et
549 3110 644 3168 oscula
670 3109 822 3168 miscendo.

206 3187 274 3245 Post
288 3206 332 3245 res
345 3206 430 3245 novas
444 3187 511 3245 anni
526 3186 598 3246 1795
609 3185 702 3244 subita
714 3205 822 3245 morum

207 3264 326 3322 mutatio
356 3262 505 3322 invadebat
526 3263 672 3338 juniorum
701 3264 824 3333 animos,

208 3341 256 3417 qui
276 3340 362 3416 igitur
380 3340 408 3398 in
429 3341 549 3418 nuptiis,
570 3341 619 3399 ubi
639 3348 667 3399 et
685 3341 746 3418 ipse
760 3358 824 3399 oon·

209 3418 270 3476 viva
290 3437 379 3488 eram,
409 3419 559 3508 stupebant
579 3419 722 3496 profusam
742 3418 823 3476 istam

207 3495 348 3553 seniorum
381 3494 556 3554 bilaritatem.
614 3494 700 3554 Poeta
730 3501 824 3553 noster

207 3571 365 3647 Gijsbertus
385 3572 481 3630 laudes
498 3572 681 3642 matrimonii,
703 3591 754 3630 nec
767 3591 824 3630 non

207 3648 308 3724 gaudia
328 3657 356 3708 et
375 3649 515 3707 luxuriam
536 3649 697 3738 nuptiarum
715 3648 823 3717 Ilrisiae,

229 3726 299 3784 rimo
315 3744 368 3784 suo
388 3744 479 3803 eoque
498 3726 599 3784 eximio
613 3733 742 3804 poemate
755 3724 824 3783 cele·

208 3744 307 3860 brevit.
317 3801 571 3879 —Reqnirebatur
590 3802 677 3878 igitur
690 3801 824 3861 acclama·

207 3878 259 3948 tio,
289 3886 349 3938 tum
377 3879 544 3948 vicinorum,
573 3885 632 3937 tum
660 3878 825 3953 consangni-

207 3975 339 4026 neorum,
360 3974 448 4033 eaque
468 3955 580 4034 publica
600 3954 668 4015 dum
688 3974 824 4033 sponsae

208 4033 292 4092 domo
312 4043 461 4112 pareutum
482 4034 510 4093 in
532 4032 645 4091 domum
666 4031 762 4111 sponsi
775 4031 825 4090 du·

207 4111 322 4170 uebatur
341 4130 405 4170 cnm
425 4111 515 4170 multa
534 4129 635 4169 sonora
655 4109 749 4188 gaudii
769 4108 824 4185 sig·

208 4189 377 4248 nificatione.
405 4188 473 4246 Ideo
494 4188 703 4247 matrimonium
717 4194 826 4246 contro·

209 4284 321 4324 uersum
333 4264 458 4343 legitime
471 4285 532 4325 esse
545 4272 703 4343 peractum,
716 4271 825 4342 septem

167 4407 169 4412 p
209 4343 366 4402 vicinorum
379 4343 547 4403 testimoniis
560 4342 739 4421 probandum
752 4347 824 4410 erat;

209 4421 259 4477 Soa
285 4422 395 4479 actitare
420 4422 468 4479 dat
493 4423 552 4496 aest
575 4421 657 4480 rada
682 4421 731 4480 aas
755 4439 823 4478 saus

209 4496 297 4556 turea
318 4500 389 4569 410,
411 4501 436 4558 6.

246 4573 340 4633 Vicini
364 4580 431 4633 tuno
456 4575 589 4653 temporis
612 4574 709 4633 multis
728 4571 823 4632 vinen-

209 4649 244 4709 lis
280 4650 334 4710 sibi
370 4651 489 4710 invicem
525 4656 606 4710 erant
638 4648 764 4709 obstricti
797 4652 826 4707 et

209 4744 294 4786 unam
326 4727 408 4808 quasi
440 4727 646 4790 constituebant
675 4725 826 4786 familbm:

1372 203 1375 207 ’
1458 195 1516 252 496

1120 342 1250 404 BREID.

897 438 954 478 non
991 420 1124 479 miremur
1158 421 1244 498 igitur
1276 421 1431 500 antiquitus
1468 438 1516 480 eoa

896 496 950 554 sibi
980 497 1193 587 quoddamnjns
1224 518 1372 557 commune
1402 498 1456 556 vici
1486 499 1515 558 in

896 593 1039 708 {ttulit
1061 574 1332 722 illustrati
1349 594 1516 721 tritu

897 733 929 784 nt
949 727 1148 803 redemptionis
1162 728 1297 806 pretinm,
1319 728 1460 806 petebant.
1481 728 1516 786 In

897 803 989 861 insula
1008 804 1112 863 Texela
1136 804 1181 863 bic
1205 824 1266 863 mos
1286 804 1448 882 longissime
1468 804 1516 862 ob·

897 880 983 938 tinuit
1008 887 1037 937 et
1063 881 1286 940 adolescentibus
1314 890 1342 940 et
1360 881 1516 957 virginibus

897 957 1071 1015 occasionem
1109 957 1207 1016 hilaria
1244 958 1374 1036 quedam
1412 959 1516 1035 agendi

898 1033 1048 1110 praebebat.
1073 1035 1252 1107 (Scheltema,
1279 1036 1366 1111 vrijen
1387 1055 1421 1095 en
1441 1043 1516 1093 tron-

898 1129 966 1168 wcn.
984 1113 1057 1183 132.)
1075 1110 1151 1169 Alibi
1163 1111 1247 1171 vieini
1257 1131 1368 1190 sponsae
1379 1120 1408 1170 et
1417 1112 1515 1189 sponsi

894 1186 958 1262 jure
984 1205 1035 1245 suo
1061 1189 1223 1264 nuptiarum
1250 1189 1399 1266 participes
1426 1195 1514 1248 amnt.

898 1263 1080 1338 (Soneltema,
1094 1267 1171 1339 270.)
1190 1266 1255 1325 Huc
1268 1285 1381 1343 quoqne
1395 1266 1516 1343 pertinet

898 1341 974 1417 qnod
989 1360 1124 1418 sponsum
1138 1349 1166 1400 et
1179 1362 1312 1421 sponsam
1326 1350 1390 1419 post
1403 1349 1516 1420 peraeta

897 1436 975 1476 sacra
999 1436 1014 1475 e
1040 1420 1147 1496 templo
1174 1419 1289 1478 reduces
1316 1419 1515 1494 consanguinei

898 1513 962 1552 cnm
990 1495 1088 1554 amicis
1118 1500 1147 1553 et
1176 1496 1273 1554 ricinis
1302 1503 1368 1554 ante
1397 1495 1515 1554 domum

897 1571 1061 1641 manebant,
1088 1576 1116 1628 et
1135 1571 1285 1645 juvenibus
1305 1573 1378 1630 inter
1398 1591 1447 1629 eos
1467 1591 1515 1649 pa·

896 1647 1059 1737 ranymphae
1072 1648 1224 1706 offerebant
1237 1648 1368 1726 poculum
1384 1656 1513 1707 ornatum

897 1724 970 1794 vini,
996 1723 1072 1801 qnod
1099 1724 1261 1784 exhaustum
1287 1725 1329 1784 illi
1350 1730 1424 1783 retro
1444 1724 1513 1799 abji-

896 1801 1021 1871 ciebant,
1054 1820 1089 1859 ne
1121 1801 1166 1859 hic
1198 1810 1281 1880 potus
1313 1802 1513 1878 gratulatorias

898 1878 1051 1956 posteriore
1078 1884 1146 1957 potu
1177 1879 1285 1956 vulgari
1311 1880 1514 1957 profanaretur.

898 1954 1076 2032 Quicumque
1107 1955 1187 2014 fracti
1220 1957 1314 2034 poculi
1344 1957 1432 2014 frusto
1466 1975 1516 2033 po·

896 2032 1017 2090 tiebstur
1042 2032 1117 2090 inter
1139 2033 1301 2111 nuptiarum
1321 2033 1451 2092 convivas
1471 2051 1515 2090 ao·

896 2108 1053 2169 cumbebat
1083 2109 1139 2168 Hic
1158 2129 1218 2168 mos
1239 2110 1350 2187 vigebat
1368 2109 1399 2167 in
1415 2109 1516 2167 insulis

896 2187 999 2244 Helder
1020 2192 1048 2243 et
1072 2187 1237 2263 Wreriapes,
1258 2206 1322 2322 spise
1339 2185 1409 2270 plim
1450 2186 1515 2244 erti-

897 2262 1001 2322 nebant
1026 2262 1063 2321 sd
1083 2263 1210 2323 Frisium.
1230 2264 1266 2323 So
1286 2265 1398 2333 eltama,
1445 2262 1514 2338 rijen

897 2361 932 2400 en
952 2346 1090 2410 trouwen,
1115 2343 1176 2398 133.
1206 2341 1307 2400 Seonlo
1328 2338 1394 2399 lllll
1415 2339 1515 2416 magis·

896 2423 985 2475 tratna
1014 2416 1196 2476 Lovaniensia
1222 2417 1337 2476 cavebat
1363 2415 1454 2475 edicto
1479 2435 1514 2473 ne

897 2494 1006 2552 noviter
1039 2495 1121 2572 nupti
1153 2504 1262 2552 sumtus
1295 2512 1380 2573 supra
1409 2499 1513 2552 sortem

896 2570 1035 2640 facerent,
1064 2569 1186 2648 ideoque
1207 2571 1321 2629 modum
1342 2570 1400 2628 vini
1421 2569 1515 2629 decer·

897 2647 1016 2717 nebant,
1045 2666 1129 2725 quem
1154 2648 1299 2706 sodalibus
1320 2647 1387 2706 dare
1406 2647 1514 2705 licitum

897 2730 964 2783 erat.
994 2724 1082 2787 Hicce
1102 2725 1203 2784 modus
1223 2724 1364 2803 pendebat
1380 2724 1515 2798 amajore

897 2801 941 2860 vel
962 2801 1070 2861 minore
1083 2802 1256 2880 pretiositate
1269 2802 1389 2861 vestium
1402 2819 1514 2880 sponsae

897 2885 925 2936 et
950 2879 1135 2956 praestabatur
1160 2886 1267 2938 tantum
1291 2878 1442 2954 juvenibus
1467 2896 1513 2954 pa·

897 2955 1009 3026 roobiae,
1040 2955 1070 3014 in
1100 2976 1155 3034 qua
1184 2976 1287 3034 sponsa
1314 2956 1406 3034 prima
1431 2962 1513 3013 nocte

894 3051 960 3090 cnm
987 3051 1091 3110 sponso
1121 3036 1326 3103 concubuerat;
1356 3033 1439 3104 „Soa
1469 3031 1512 3089 sal

896 3152 913 3182 „
925 3107 971 3167 die
991 3109 1145 3187 bruygoem
1165 3109 1236 3169 ende
1253 3111 1288 3169 de
1305 3110 1389 3187 bruyt
1402 3108 1511 3185 gheven

896 3231 913 3258 „
924 3192 952 3243 ta
972 3186 1172 3246 verdn'nclrene
1192 3188 1242 3246 des
1251 3187 1362 3263 psalten
1373 3206 1425 3244 aon
1438 3185 1513 3242 dicre

896 3308 913 3335 „
922 3264 1080 3338 parociam,
1100 3265 1166 3323 dcet
1185 3265 1218 3322 de
1229 3265 1308 3342 drupt
1319 3265 1379 3322 iane
1392 3263 1512 3338 temper

897 3345 1002 3412 „roert,
1030 3339 1101 3400 VIII
1127 3343 1222 3418 gelten
1243 3361 1320 3418 wyna
1340 3341 1421 3400 ocbte
1442 3351 1512 3399 twee

898 3463 914 3488 „
925 3417 1057 3494 gulden.”
1089 3419 1217 3490 Serrnre,
1238 3419 1351 3478 Vaderl.
1371 3418 1512 3478 Musenm.

897 3494 935 3552 Il.
957 3497 1020 3554 296.
1049 3495 1165 3554 invenis
1184 3496 1261 3554 adfui
1274 3496 1380 3575 nuptiis
1393 3495 1514 3554 bominis

898 3569 993 3629 divitis
1020 3571 1246 3650 Hindelopensis.
1269 3573 1314 3632 Ibi
1334 3572 1412 3631 nulla
1431 3574 1514 3631 sortis

898 3648 943 3706 vel
963 3647 1016 3707 loci
1036 3648 1108 3708 inter
1128 3650 1258 3708 convivas
1278 3658 1337 3709 erat
1355 3649 1513 3709 discrimen.

897 3724 1007 3784 Diuites
1027 3731 1056 3783 et
1075 3727 1207 3803 operarii,
1229 3727 1337 3786 domini
1357 3735 1385 3786 et
1399 3726 1513 3798 famuli,

898 3809 1032 3860 matronae
1066 3808 1093 3860 et
1125 3803 1252 3874 famula,
1286 3809 1453 3863 mercatores
1486 3808 1515 3863 at

898 3886 989 3937 nantoe
1009 3879 1082 3937 inter
1099 3899 1130 3937 se
1150 3887 1229 3938 erant
1241 3880 1330 3940 mixti.
1360 3881 1426 3958 ipsa
1441 3899 1514 3940 nove

897 3963 998 4034 nupta,
1012 3956 1115 4015 femina
1128 3958 1263 4029 formosa,
1277 3958 1372 4037 lepida
1386 3965 1414 4016 et
1427 3957 1514 4029 dives,

897 4052 955 4092 non
981 4032 1186 4124 dedignabatur
1209 4035 1310 4094 saltare
1334 4054 1399 4095 cnm
1419 4035 1516 4112 auriga

897 4110 940 4169 sni
967 4111 1075 4180 mariti,
1099 4131 1162 4189 qnae
1181 4112 1355 4171 familiaritas
1375 4111 1446 4171 nihil
1465 4111 1518 4171 mi·

897 4206 998 4247 norum
1011 4187 1199 4247 obedientiam
1209 4188 1386 4267 infringebat
1400 4221 1439 4234 -
1449 4188 1518 4247 Ver·

898 4284 945 4323 sus
978 4267 1061 4323 finem
1094 4265 1193 4343 primae
1229 4267 1319 4324 noctis
1352 4267 1517 4344 nuptiarum

898 4342 1515 4498 {tutabitur”attentarit

898 4495 1017 4566 liebat,
1054 4496 1128 4555 unde
1162 4503 1274 4574 postera
1310 4497 1355 4556 die
1386 4497 1515 4569 ederent,

899 4517 1037 4645 hilarent,
1062 4574 1205 4633 saltarent.
1226 4574 1289 4633 Hoc
1309 4574 1394 4633 modo
1413 4575 1517 4633 festum
1579 4637 1582 4641 ,

897 4651 1025 4728 nuptiale
1044 4670 1096 4729 per
1115 4658 1207 4712 totum
1227 4651 1432 4712 hebdomadam
1451 4671 1518 4730 pro·

899 4725 1059 4804 loagabant
