3256 5310
70 322 94 459 Ξ
266 392 454 472 reanimrum,
488 392 668 474 pucommm
699 399 726 454 et
762 390 794 452 iel
827 406 918 470 penus
952 389 1105 453 minum
1135 389 1256 471 luparia
1291 389 1405 452 intrare
1434 387 1600 471 mlelatep

70 488 93 589 ξ
197 554 200 559 .
244 518 336 564 --enm
384 501 507 565 annulis
554 507 581 564 et
628 499 751 580 nuilus,
803 500 856 580 pul
901 499 998 562 adltuo
1040 498 1154 562 meionis
1199 505 1364 579 uterentur,
1412 514 1489 581 quae
1538 498 1600 562 iam

268 609 339 674 oliti
367 608 493 674 absoluo
524 615 626 681 cuent,
655 608 731 670 iuer
761 607 857 670 theam
892 606 1043 671 Sisenem
1073 623 1218 670 nmmum
1246 623 1349 686 serere,
1382 613 1417 670 ut
1445 607 1485 669 sie
1510 606 1596 688 qnasi

268 720 378 783 eliceret
413 734 493 780 uoces
530 724 557 779 et
587 716 724 799 loquendi
756 715 903 796 formulas
933 717 1073 794 rariores,
1110 733 1185 798 quas
1216 732 1285 778 nem
1319 716 1395 779 inter
1429 714 1599 798 colloquen-

267 827 340 893 aum
378 833 507 896 notaret,
554 843 616 888 non
657 840 729 888 roro
769 823 873 887 acciait
914 831 949 887 ut
991 825 1145 888 mmiuum
1187 824 1361 906 n'rnplicium
1399 832 1426 888 et
1463 841 1525 908 pua
1561 821 1599 887 te

268 951 357 1000 cauea
392 935 444 998 noc
476 936 584 1013 laceret
617 934 818 1013 poenantium
850 933 1039 1014 ruspieimcm
1071 940 1209 997 nuooeret·
1256 933 1324 996 Nan
1352 949 1466 1015 parum
1497 938 1600 996 autem

268 1043 420 1125 calliacum
452 1043 611 1106 molestiam
645 1042 743 1115 aucit,
785 1043 865 1124 quoa
895 1049 982 1124 pater
1014 1043 1076 1105 iam
1115 1043 1219 1107 oetan
1251 1060 1331 1106 anna
1366 1057 1470 1105 mne
1504 1039 1599 1105 llieia

267 1154 369 1218 relicta
416 1152 607 1215 Dauemriom
649 1152 786 1232 nupraolt
830 1152 906 1214 inter
943 1150 1079 1215 Saaoms
1117 1150 1336 1234 Neerlautlieos,
1377 1158 1412 1215 ut
1446 1170 1509 1217 nou
1543 1157 1603 1226 miei·

264 1278 319 1345 psr
342 1278 455 1344 paucae
487 1260 675 1323 habdomades
704 1261 860 1342 muotaunis
888 1260 915 1322 ei
942 1259 1066 1323 Frisium
1089 1261 1177 1323 onere
1198 1259 1304 1341 liceret,
1329 1260 1422 1343 totque
1444 1264 1600 1329 mnenon

266 1372 359 1453 opens
390 1370 530 1451 oollipere.
577 1370 646 1432 Non
672 1368 790 1450 quidem
811 1368 942 1443 aceram,
975 1369 1028 1450 qui
1048 1386 1169 1450 operam
1195 1369 1222 1432 ei
1245 1387 1285 1432 eu
1303 1378 1391 1452 parte
1412 1371 1541 1436 mareu
1570 1379 1599 1438 et

265 1480 365 1543 sedulo
393 1485 541 1550 notarent,
575 1480 601 1541 si
631 1477 710 1560 quod
741 1477 917 1542 mantulum
949 1477 1097 1541 irusolitnm
1127 1478 1172 1540 oet
1198 1479 1314 1559 pltrasis
1335 1480 1533 1545 memoranda
1558 1482 1600 1547 aa

266 1605 352 1653 aures
383 1586 539 1660 oculum,
572 1604 647 1668 quae
675 1586 776 1650 Mula
807 1588 890 1667 patri
917 1603 973 1668 per
1005 1587 1114 1650 litteras
1141 1586 1336 1668 sipnifloarent
1351 1621 1394 1632 -
1421 1587 1497 1652 inter
1527 1607 1600 1673 puae

267 1697 385 1760 honoris
411 1712 501 1758 causa
528 1695 648 1757 nomino
677 1692 775 1755 Rsnss
805 1691 1021 1767 Possnanon,
1055 1712 1149 1777 plenu
1180 1697 1256 1758 inter
1280 1695 1359 1759 uiuos
1380 1701 1444 1785 erat
1469 1697 1502 1760 iu
1519 1714 1600 1780 papo

273 1804 417 1867 ll'aeoens
449 1803 604 1866 soccrdmn
625 1804 780 1883 reformati
801 1820 922 1867 munere
946 1805 1130 1884 [unpuunn.
1161 1799 1361 1865 Sssvssosn
1380 1810 1500 1886 poetam
1524 1805 1599 1888 σψ-

266 1912 345 1975 terto
366 1911 466 1974 laaolsl
486 1911 547 1993 filia
570 1918 688 1975 tantam
708 1912 881 1984 secunlum,
907 1910 1049 1974 Roosrnn
1075 1912 1323 1994 lliudelopensem,
1349 1911 1472 1997 mulque
1492 1914 1600 1994 [ratres

265 2021 326 2084 nus
355 2015 558 2103 Tiallingium
583 2027 610 2082 et
635 2015 786 2094 Eoltium3
813 2037 917 2082 uerum
945 2038 981 2083 ne
1007 2021 1047 2084 sio
1069 2021 1185 2103 quidem
1207 2021 1252 2084 t'llr'
1272 2022 1457 2086 incommodo
1474 2040 1598 2105 proretis

266 2128 485 2193 subveniebatur
521 2136 547 2191 et
585 2128 685 2193 nutus
716 2128 815 2192 autito
846 2129 929 2210 quin,
960 2131 1086 2211 sipatri
1114 2130 1235 2193 licuisset
1264 2137 1402 2212 perpetuo
1436 2131 1470 2194 in
1504 2131 1600 2197 liiiio

266 2239 359 2301 uitam
380 2237 492 2317 tepere,
517 2238 601 2317 capra
622 2236 776 2300 serlonem
790 2255 864 2300 mox
885 2238 917 2300 iu
939 2244 1057 2302 tantum
1070 2239 1262 2309 succrevisset.
1288 2245 1323 2302 ut
1336 2239 1431 2303 multa
1452 2240 1600 2306 maturisue

266 2345 368 2410 edendi
390 2344 542 2408 consilium
564 2346 685 2426 cepisset.
713 2344 780 2409 lam
805 2347 931 2410 materia
959 2346 1099 2411 areatat
1131 2347 1184 2410 illa
1214 2347 1343 2429 qudem
1381 2347 1430 2411 sed
1451 2365 1514 2412 raon
1535 2355 1598 2413 tarn

266 2455 393 2518 celeriter
420 2471 457 2517 ac
480 2461 566 2534 pater
596 2454 721 2528 uolebam
755 2456 913 2537 quotannis
947 2473 1025 2520 emon
1058 2455 1212 2529 matuta,
1247 2457 1316 2519 noui
1350 2457 1488 2539 loquendi
1519 2458 1599 2523 modi

266 2563 448 2638 mmlelann
500 2563 570 2645 quia
613 2564 725 2626 mnum
770 2565 795 2627 si
834 2570 931 2645 poter.
977 2566 1029 2647 pul
1069 2563 1120 2627 siti
1155 2565 1349 2647 proposuisset
1393 2565 1473 2649 quod
1512 2584 1598 2632 nemo

266 2673 378 2753 ancum
411 2680 516 2753 potest,
550 2689 651 2753 nempe
679 2672 799 2735 conane
821 2673 946 2754 namon,
983 2674 1015 2736 iu
1053 2690 1112 2754 quo
1151 2672 1269 2736 nullum
1306 2673 1481 2738 moolirlmn
1512 2675 1597 2749 desit,

266 2780 418 2843 mitmnem
456 2780 607 2843 mentun.
652 2780 780 2844 Tandem
816 2781 908 2844 uictus
938 2782 1060 2846 assisinis
1088 2782 1254 2845 amicorum
1280 2781 1422 2863 prxioau,
1457 2783 1510 2865 aui
1536 2798 1599 2846 nan

266 2888 411 2952 cessabant
443 2889 607 2970 estlapltare
638 2889 724 2952 leaici
758 2889 923 2971 editionem,
957 2898 985 2953 et
1016 2891 1085 2972 ipso.
1122 2891 1156 2953 ni
1176 2890 1280 2970 [ullor.
1314 2898 1456 2964 metuens,
1491 2908 1542 2965 ne,
1574 2891 1600 2954 ri

266 2997 375 3060 aalma
405 3005 604 3068 cunctaretur,
639 2998 812 3078 priusquam
840 2998 922 3079 apsrr'
951 3016 1077 3062 manum
1108 2999 1293 3071 almoniam.
1330 3015 1411 3063 mors
1443 3015 1472 3063 se
1493 2999 1597 3081 oppri-

265 3112 367 3176 meret,
404 3122 485 3167 anno
518 3106 620 3169 aetatis
656 3121 698 3166 ax
731 3105 884 3168 clinnum
918 3106 998 3188 prela
1032 3124 1143 3188 parare
1170 3109 1269 3189 eoepit.
1321 3109 1364 3172 Ne
1391 3115 1456 3171 tum
1477 3108 1595 3191 quidem

265 3230 382 3276 ornnem
413 3232 492 3295 spem
524 3213 683 3277 moenam
712 3213 777 3293 [are
808 3221 843 3277 ut
876 3222 963 3296 poter
993 3216 1050 3296 ipse
1081 3233 1154 3296 opus
1183 3217 1350 3298 perficerem
1388 3222 1451 3280 erat
1481 3215 1598 3299 pridem

265 3339 364 3404 nnec,
397 3340 500 3386 uerum
529 3339 617 3385 smne
650 3330 775 3403 uepetus,
807 3324 926 3386 mirsion
953 3331 1116 3405 moulan,
1138 3325 1228 3406 plane
1250 3326 1327 3389 alter
1350 3323 1437 3406 Galo,
1465 3331 1514 3406 ut,
1543 3326 1600 3390 rsiei

265 3448 326 3513 qua
347 3431 500 3495 calamitas
522 3431 736 3510 supervenisset,
762 3449 829 3494 eum
851 3432 937 3512 [aelle
958 3433 999 3495 ael
1020 3435 1243 3514 nouapeslrnum
1257 3449 1374 3497 annum
1387 3439 1598 3514 persecutam

264 3539 402 3603 moderas
462 3539 537 3602 Tum
567 3539 720 3620 sperabam
748 3558 816 3603 eum
845 3542 971 3605 iuniores
1001 3543 1109 3606 amisos
1133 3549 1357 3624 assumpturum
1383 3558 1451 3624 cere,
1475 3543 1529 3625 piei
1548 3540 1601 3606 silei

264 3648 367 3729 olipa
398 3666 437 3711 en
466 3654 552 3728 parte
582 3665 657 3710 ouius
688 3649 847 3712 attunrmt
879 3658 909 3712 et
934 3651 1037 3714 saltem
1066 3651 1217 3716 molestam
1247 3650 1436 3733 meoniorum
1458 3659 1598 3733 tppopra·

247 3738 416 3838 ‘ple'eorum
439 3757 645 3819 correctionem
667 3758 848 3839 susciperent.
884 3757 945 3822 Sal
967 3760 1057 3823 cleu!
1079 3778 1140 3842 spes
1162 3779 1209 3824 me
1230 3760 1345 3841 tessun,
1369 3761 1503 3843 actamnis
1523 3761 1599 3824 assi·

265 3862 322 3927 elue
343 3865 510 3942 insisterem,
543 3873 577 3927 ut
606 3865 658 3928 sibi
678 3866 752 3930 olias
778 3866 959 3947 aalinnporet,
1000 3870 1133 3949 quumvis
1154 3870 1212 3951 ipse
1232 3887 1347 3952 quoque
1369 3869 1451 3933 ultro
1476 3883 1598 3951 operam

263 3973 415 4050 altorem,
439 3979 605 4037 constanter
626 3975 724 4038 aliena
744 3994 798 4057 ope
819 3994 849 4039 se
870 3992 995 4039 usurum
1015 3977 1155 4057 reputat:
1185 3994 1240 4060 per
1268 3997 1297 4042 se
1326 3979 1428 4042 omnia
1461 3976 1596 4056 [anelat

263 4083 320 4161 ipse
348 4085 447 4145 omm'a
476 4084 631 4164 speeunina
657 4086 866 4165 tppopraplu‘oa
891 4085 1061 4149 mnendalnt
1090 4094 1129 4158 et,
1166 4090 1276 4170 quoties
1301 4088 1339 4151 ol
1360 4088 1414 4152 ltoo
1435 4103 1521 4170 opere
1542 4103 1600 4151 acs-

261 4189 356 4263 satat,
380 4193 530 4254 mmeriem
556 4193 705 4256 collectam
727 4195 759 4256 iu
781 4194 915 4257 mainan
935 4194 1066 4275 reaipere
1085 4197 1229 4277 perpeout.
1277 4195 1313 4261 Si
1330 4204 1483 4280 practerea
1504 4202 1599 4262 teum

262 4307 391 4380 reputas,
429 4317 508 4372 enm,
542 4309 576 4364 ut
608 4302 645 4365 al
678 4319 763 4384 opere
790 4303 877 4365 taedii
905 4303 994 4383 pleno
1025 4304 1161 4367 animum
1188 4313 1341 4380 recrearet,
1374 4312 1438 4369 tenu
1469 4323 1596 4389 quoque,

264 4415 298 4470 ut
329 4415 428 4481 asuleo,
463 4410 655 4491 alquantum
685 4411 822 4492 temporis
851 4412 995 4492 opusculis
1031 4413 1165 4476 litterarii
1198 4415 1365 4495 arpumenti
1394 4413 1600 4479 conscriimdis

263 4516 443 4597 impendisse,
482 4537 544 4581 non
582 4518 731 4582 miraberis
763 4526 887 4583 mortem
924 4522 1005 4601 operi
1039 4522 1243 4603 superuenisse,
1275 4540 1338 4586 non
1372 4524 1457 4587 illam
1481 4521 1600 4605 wdone

268 4626 478 4699 immaturam,
502 4627 550 4690 soal
572 4646 611 4691 eo
634 4629 708 4707 [acte
729 4629 925 4692 coniecturam
947 4629 1117 4710 (montibus
1141 4631 1383 4714 inexspectatum.

315 4734 380 4799 Hae
400 4737 532 4801 monime
554 4755 671 4802 mussas
684 4738 818 4819 suerunt,
843 4754 898 4801 cnr
911 4756 973 4802 uon
994 4740 1051 4804 uisi
1059 4757 1132 4823 pars
1145 4741 1238 4824 open'e
1252 4740 1387 4806 absoluta
1399 4742 1445 4805 sit.
1479 4739 1599 4804 flamm
