3256 5310
87 214 142 274 805

126 443 195 518 nra
213 444 239 502 a
256 441 279 502 ‘r
296 365 475 503 „Mjfljssq
492 443 562 502 aar
590 444 657 504 nor.
675 444 746 504 nter

125 521 200 597 Ioopt
216 522 261 578 ter
279 521 308 578 ia
325 522 370 577 rer
395 521 527 578 condedi
557 521 587 579 F.
610 523 638 580 lt
655 525 747 580 rethel

122 618 161 675 yn
186 599 210 654 ir
236 597 299 667 bea,
325 597 454 654 turbatur
481 616 533 655 res.
567 597 600 657 G.
621 598 646 657 J.
668 600 745 657 aon

121 695 160 751 yar
179 673 279 731 'tbourr
298 678 380 747 prate
399 677 461 751 (per
481 679 573 732 totum
593 674 742 751 collegium

122 749 231 884 quasvis
261 749 382 824 effutire)
411 749 516 825 garrire
546 749 648 821 delira,
675 751 742 811 Hol.

139 848 157 883 a
175 826 197 883 't
215 825 327 883 madert
344 844 387 882 orn
399 831 508 902 proten.

85 901 225 971 bindal,
255 901 275 960 i.
298 900 388 961 lascis.
424 902 525 961 Bhrdel
568 922 630 972 aec,
660 902 742 962 lascis

122 978 189 1048 lini;
208 977 237 1037 in
257 996 326 1048 usu,
346 983 453 1037 certum
467 997 524 1056 pou
547 999 579 1037 us
594 979 653 1038 lini.
674 982 741 1057 Aga.

122 1054 269 1124 audent.
302 1054 422 1113 vinculis
461 1056 628 1115 constrictio.
668 1058 740 1134 Aug.

123 1130 231 1201 barile,
250 1130 299 1188 Nl
317 1130 424 1199 lencm,
445 1132 538 1190 lascis.

87 1205 363 1285 byn-kehtting,
378 1226 404 1264 n.
418 1216 515 1265 catena
528 1212 622 1266 tenera
636 1209 738 1280 terrea,

124 1302 181 1362 qua
200 1289 286 1360 caput
303 1283 368 1361 equi
387 1282 417 1341 in
437 1283 547 1342 stabulo
566 1292 687 1343 tenetur.

84 1360 352 1437 byn-monnau,
391 1360 430 1437 pl
462 1360 578 1417 manicae
615 1359 738 1419 dimidiae

123 1435 218 1495 lintere
237 1434 335 1505 rudes,
355 1454 425 1511 quas
444 1437 556 1495 ancillae
575 1438 688 1495 rusticae
707 1438 737 1495 in

122 1530 189 1572 arro
207 1512 365 1571 laborantes
381 1531 468 1589 supra
481 1513 608 1571 cubitum
620 1513 738 1572 adstrin-

121 1594 206 1666 gunt,
227 1608 263 1647 ne
282 1596 503 1664 conspurcentur
522 1589 643 1648 brachia.

83 1664 251 1736 aar-bdn,
271 1683 312 1740 eg.
326 1665 415 1743 alapa.
427 1666 493 1741 Age.
506 1667 639 1741 ear-plcet,
652 1665 735 1725 idem.

119 1740 177 1800 Kil
208 1786 225 1812 „
239 1742 374 1800 cordaad.
400 1742 422 1818 j.
447 1747 604 1812 noraoante,
630 1742 735 1819 alapa.'’

119 1816 164 1875 W.
177 1817 211 1876 G.
225 1820 276 1887 22,
294 1818 417 1877 andana.
442 1819 549 1888 Waatc,
568 1818 734 1878 chirotheca.

81 1892 333 1965 iamne-boun,
360 1912 402 1970 cg.
428 1912 530 1953 corona
555 1893 614 1952 sive
645 1901 733 1955 coetus

119 1970 286 2048 puellarum.
314 1974 382 2047 Aga.
401 1970 486 2041 aad,
505 1970 661 2030 fasciculus.

80 2044 269 2115 bala-bbu,
295 2064 338 2123 cg.
361 2047 471 2105 collare.
500 2047 649 2117 naa-tan,
678 2047 734 2107 col·

120 2122 177 2182 lare
205 2123 282 2181 cauis
311 2124 438 2182 catenati.
471 2126 571 2182 Demea
618 2126 666 2181 lat
690 2125 733 2183 iea

114 2198 218 2277 pondero
230 2199 365 2270 kalabria,
384 2199 513 2258 sacerdos
526 2144 635 2272 (collari
648 2220 732 2259 aureo

118 2283 234 2334 ornatus
260 2284 317 2348 est,
342 2276 416 2351 ia)
439 2277 614 2335 iamiliariter
643 2278 732 2336 utitur

116 2353 306 2429 magnatibus,
339 2352 389 2431 qui
421 2372 485 2411 eum
515 2354 591 2412 laute
620 2353 730 2413 habent

116 2427 231 2487 Phraais
255 2429 366 2488 ridetur
390 2428 515 2488 alludere
539 2430 574 2488 ad
594 2430 730 2501 fabulam,

116 2503 147 2564 in
171 2524 229 2582 qua
253 2504 338 2583 lupus
365 2506 502 2582 aspiciens
528 2507 604 2564 canis
626 2506 730 2565 collum

1377 216 1433 281 806

820 443 926 503 aaran
947 442 990 502 hit
1007 443 1161 533 lestpredaa
1179 443 1236 503 aad
1248 447 1435 522 marmarica.

820 521 874 580 Pro
911 520 961 597 lep
997 520 1081 579 hodre
1116 520 1209 580 adhuc
1242 521 1273 581 in
1308 543 1362 584 usu
1391 532 1435 585 est

818 597 928 656 kalabria
934 623 945 666 ,·
965 616 1008 655 ex.
1028 617 1068 673 gr.
1087 597 1117 655 di
1136 598 1291 673 Pingiumer
1302 601 1434 675 lala-blla,

818 694 903 750 agger
938 673 1069 751 antiquus
1101 673 1225 732 marinus
1258 676 1433 739 circumdans

817 770 936 829 pagum,
960 750 1004 809 cui
1030 750 1107 808 vicus
1155 750 1284 811 rimarios
1307 762 1350 813 est
1369 753 1435 814 Pin·

817 847 884 904 gum
913 827 943 885 iu
970 771 1174 885 Wonseradela.
1213 827 1296 889 Prou.
1330 832 1434 900 „Mna

816 905 888 961 lana
900 903 969 962 aedil
980 904 1043 961 ielte
1052 906 1115 960 iona
1124 902 1184 960 dita
1193 905 1320 964 kalabrae
1329 907 1435 979 werae,’'

815 999 859 1056 aey
875 981 908 1039 de
924 981 1056 1038 adlaetae
1072 980 1115 1038 ien
1128 978 1160 1037 de
1172 999 1219 1057 rey
1236 1000 1278 1052 er,
1300 982 1434 1042 Burman.

815 1060 868 1127 49,
895 1076 984 1128 „mea
1011 1075 1111 1114 manua
1137 1055 1189 1114 tibi
1216 1002 1269 1115 liae
1291 1059 1354 1136 ipsa
1373 1079 1434 1120 rea·

815 1152 882 1210 pera
916 1132 1025 1210 torquis
1055 1131 1140 1202 erit,”
1170 1132 1316 1209 inquiebat
1341 1136 1434 1195 ardere

814 1215 946 1268 venator:
971 1207 1150 1286 reprehendit
1169 1208 1327 1270 luxuriosos
1343 1212 1432 1287 jacta·

813 1289 888 1343 tores
909 1291 937 1343 et
955 1286 1012 1343 alte
1032 1304 1062 1343 se
1082 1284 1221 1344 tollentes.

851 1361 928 1418 Deus
941 1360 1101 1420 nationibus
1115 1361 1238 1437 patrium
1251 1362 1317 1422 iecit
1328 1365 1432 1437 solum,

812 1437 896 1496 Frisii
915 1457 998 1495 suum
1018 1440 1088 1495 mari
1110 1437 1242 1496 obrutum
1262 1438 1316 1517 ipsi
1334 1441 1434 1499 torma

812 1521 878 1571 runt
898 1514 1033 1572 extructis
1050 1513 1214 1590 aggeribus,
1234 1534 1353 1591 quorum
1367 1537 1432 1575 con·

811 1590 894 1648 lectio
931 1595 960 1649 ct
995 1590 1160 1649 restauratio
1193 1590 1271 1649 vires
1304 1594 1431 1652 omnium

810 1666 904 1724 unitas
925 1665 1100 1744 requirebat,
1127 1672 1156 1725 et
1175 1665 1205 1724 in
1226 1672 1339 1728 tautum
1359 1670 1432 1728 sran-

810 1743 893 1818 gehat
918 1743 1043 1801 innatam
1069 1742 1160 1818 gentis
1185 1741 1332 1803 indomitoe
1359 1746 1431 1804 lero·

809 1819 938 1890 citatem,
958 1827 990 1877 ut
1010 1819 1045 1877 ad
1058 1818 1234 1895 impietatem
1248 1826 1277 1878 et
1289 1821 1429 1881 luxuriam

808 1896 917 1954 caeteris
935 1895 1027 1954 minus
1041 1895 1221 1972 procliviores
1234 1903 1335 1957 essent.
1357 1896 1429 1958 Inde

808 1970 933 2031 Saxones
953 1971 1051 2042 vieini,

826 2048 926 2106 Horten
948 2048 981 2106 de
1002 2049 1100 2106 Frlaen
1118 2046 1180 2106 nial
1199 2048 1290 2125 ar’gen
1308 2050 1372 2109 dier

826 2126 861 2180 So
898 2145 959 2182 aem
979 2125 1058 2182 edrer
1071 2125 1149 2181 heire
1162 2124 1398 2199 ia'ltimmelra‘k,

807 2199 862 2258 nisi
881 2147 971 2259 qFrisii
995 2219 1111 2258 suorum
1131 2219 1266 2276 aggerum
1285 2203 1361 2261 mola
1380 2222 1426 2263 oe·

806 2285 990 2410 cuparpnturt·
1001 2276 1126 2411 ἰΙὶοιιιιῘιιιΙΙ
1141 2296 1223 2411 npqqo
1249 2277 1424 2339 beatitudine

806 2370 912 2411 coeesr
951 2372 1043 2411 orre.
1090 2370 1135 2409 o.
1214 2397 1221 2411 .

844 2430 918 2487 Nota
931 2373 1019 2562 pling).
1046 2432 1073 2486 to
1092 2428 1168 2498 aad,
1200 2429 1303 2506 ligare,
1333 2430 1424 2491 diver·

804 2524 868 2564 sum
895 2525 955 2565 esse
981 2525 997 2563 a
1044 2507 1117 2581 nng.
1143 2509 1171 2564 to
1188 2505 1270 2580 lead,
1296 2508 1422 2581 flectere,

115 2590 249 2640 acrrtena
268 2581 400 2640 detritum
421 2582 461 2652 ei,
484 2583 601 2651 urae,
621 2582 729 2659 inquit,
803 2581 969 2654 lallando,
992 2580 1112 2640 flectere.

115 2677 174 2736 φιτ
192 2658 304 2728 buda,
332 2658 423 2726 craia·
441 2677 554 2734 regnare
572 2659 645 2728 nolo,
664 2660 731 2718 liber
766 2658 945 2729 hier-bitu,
967 2678 1009 2735 og.
1029 2659 1098 2716 vitta
1117 2658 1212 2728 lanea,
1232 2677 1290 2737 qua
1309 2660 1422 2719 feminae

114 2734 171 2792 «tt
184 2754 236 2793 noa
253 2754 311 2793 aum
328 2736 402 2794 arilei.
431 2734 527 2793 Phaod.
548 2736 601 2794 111.
622 2735 648 2796 7.

75 2810 219 2886 gouden
258 2811 424 2882 halsbdu,
463 2812 566 2870 collare
599 2831 729 2884 aureum,

113 2904 198 3022 ppnsu
213 2887 331 3021 I{arquis
357 2888 435 2947 aurei
459 2887 570 2946 valebat
588 2889 664 2965 apud
674 2908 729 3023 tqle·

112 2983 204 3098 wqqsm
231 2983 327 3099 crdlllrla
344 2983 728 3116 lirldrilgillrrpleluilrlmeiilduml3

112 3117 262 3176 vallabant.
291 3117 443 3175 Dicebatur
461 3136 562 3175 aureus
585 3118 643 3175 sire
666 3137 728 3195 pre·

111 3192 202 3252 tiosus
228 3193 265 3251 ob
296 3193 438 3269 ingentem
458 3200 617 3270 sumptum,
643 3213 727 3271 quem

111 3269 142 3329 in
168 3289 232 3329 eum
258 3289 388 3347 aggerem
414 3270 614 3328 exstruendum
640 3279 667 3328 et
687 3290 727 3329 re·

110 3346 293 3406 staurandum
314 3346 528 3422 impendebant,
548 3356 575 3404 et
594 3346 671 3424 quod
690 3347 726 3405 ab

109 3423 536 3557 {papenquatmqqluspaqrim
567 3426 633 3558 'Tra
651 3424 675 3480 ic
694 3443 727 3481 ac

172 3519 231 3556 nne
266 3545 275 3570 ,
392 3520 428 3557 m
483 3520 540 3557 rna
576 3519 727 3575 inponere

108 3576 219 3634 ae‘dnrch
248 3582 276 3634 to
304 3577 435 3651 alislcrrde
459 3577 515 3634 aad
539 3582 565 3635 to
588 3577 725 3646 aterandc,

109 3670 175 3797 tt?
187 3652 581 3804 retrectantes
599 3654 727 3788 latitet

109 3823 225 3874 aureus,
258 3806 308 3882 qui
336 3805 434 3863 Frisiac
465 3825 552 3882 pagos
581 3806 724 3881 conjungit

109 3888 138 3940 et
158 3882 284 3941 continet
303 3890 335 3940 ut
354 3882 423 3939 dolii
443 3883 558 3940 tabulas.
584 3883 638 3939 Pro
658 3883 723 3958 top,

108 3957 193 4016 hodie
210 3958 279 4035 rap,
300 3958 365 4017 Hol
384 3959 487 4016 habent
502 3959 604 4033 loepel,
624 3959 722 4017 Saron.

108 4034 215 4105 tande,
239 4038 310 4110 Aug.
324 4034 424 4093 North.
447 4034 557 4092 lurtdel:
586 4034 651 4091 Hol.
670 4036 723 4091 lrr't·

108 4110 218 4181 nand,
238 4111 396 4180 collective,
410 4109 506 4168 circuli
520 4110 658 4168 doliorum
672 4111 722 4168 rni-

107 4205 216 4277 uorum.
254 4188 327 4264 Aug.
350 4186 417 4245 dial.
449 4187 576 4256 bandtr't,
613 4187 720 4274 dolium

106 4262 249 4411 litt&
260 4264 630 4418 ittehttnttt
646 4263 720 4427 illi

105 4420 208 4490 „cem)
234 4417 338 4487 tenuit,
363 4416 452 4474 donec
477 4415 591 4491 adgesto
614 4435 630 4472 a
650 4417 720 4473 mrlr·

107 4491 211 4564 „tibus
223 4493 340 4570 pulvere
359 4501 440 4550 terrae
456 4491 617 4565 figeretur,’'
636 4510 720 4567 quem

106 4568 200 4627 locum
225 4589 274 4628 rex
300 4568 398 4627 Alired
418 4568 639 4644 Angloearouicc
660 4587 719 4625 ver·

105 4642 157 4714 tit,
188 4645 248 4703 aid
275 4646 318 4703 tta
349 4644 463 4703 landum
491 4646 550 4702 dnm
578 4646 619 4701 tir
643 4644 721 4701 heold

106 4719 163 4781 aad
186 4720 275 4799 lesda
301 4722 349 4781 ort
376 4723 440 4781 rtet
463 4722 507 4781 Iria
531 4723 638 4799 tlrcgnaa
663 4719 721 4779 mid

805 2736 895 2793 crines
915 2737 945 2793 in
965 2736 1053 2794 altum
1074 2733 1227 2809 stringunt,
1247 2740 1279 2793 ut
1294 2755 1342 2796 eos
1355 2757 1422 2796 con·

803 2811 891 2870 tineat
924 2819 952 2869 et
980 2817 1055 2887 tegat
1083 2810 1167 2867 mitra
1196 2810 1309 2872 Frisiea.
1351 2813 1420 2872 Ideo

803 2887 879 2965 apud
916 2888 1032 2945 feminas
1073 2886 1304 2946 Trans-Isalaniae
1342 2890 1421 2948 audit

801 2965 962 3041 atrykdnnd,
988 2964 1057 3022 vitta
1076 2963 1222 3039 stringens.
1253 2965 1418 3044 Antiquitus

803 3044 917 3117 peplum
937 3041 992 3099 vile
1013 3039 1173 3098 continebat
1193 3039 1297 3112 onnes,
1322 3049 1419 3120 postea

802 3118 936 3205 capitium
966 3136 1000 3174 er
1026 3116 1083 3175 lino
1110 3116 1207 3174 subtili
1232 3123 1261 3174 et
1286 3120 1419 3195 pretioso.

801 3193 896 3251 Frisiis
932 3193 1043 3252 feminis
1079 3192 1175 3269 nuptis
1206 3212 1288 3251 omne
1316 3194 1417 3254 lenoci-

801 3269 878 3327 nium
899 3270 1078 3346 capillorum,
1102 3287 1173 3345 quos
1193 3269 1322 3345 religiose
1342 3271 1417 3331 vela·

800 3345 883 3415 bunt,
910 3347 939 3404 in
961 3345 1097 3421 vituperio
1117 3350 1184 3402 erat.
1214 3345 1351 3405 Puellulis
1371 3348 1418 3405 de·

800 3440 895 3479 eorum
927 3421 1079 3478 habebatur
1105 3421 1191 3478 flavos
1217 3420 1359 3480 cincinnos
1385 3423 1416 3481 iu

801 3505 879 3573 tergo
909 3497 1047 3555 undantes
1068 3504 1238 3566 monstrare;
1265 3499 1415 3585 appropin-

800 3574 950 3651 quantibus
988 3592 1054 3630 vero
1092 3580 1209 3630 maturae
1246 3573 1415 3649 virgrnitatis

798 3651 893 3720 annis,
914 3655 1017 3708 matres
1037 3648 1157 3706 filiarum
1171 3648 1260 3707 crines
1274 3649 1302 3707 iu
1318 3650 1414 3727 longas

799 3728 942 3785 cincinnos
979 3725 1147 3802 torquebant
1184 3732 1212 3782 et
1247 3727 1413 3799 nectebant,

799 3804 894 3880 eisquc
919 3803 1050 3860 verticem
1070 3801 1234 3860 diadematis
1253 3802 1342 3862 instar
1360 3804 1413 3863 cir·

798 3881 981 3949 cumdnhant,
1002 3897 1086 3956 quem
1106 3897 1229 3947 morem,
1246 3898 1322 3938 nune
1342 3900 1414 3959 pene

797 3956 970 4025 obsoletum,
1010 3954 1113 4014 centies
1152 3955 1332 4033 Hindelopiar
1368 3957 1412 4015 his

796 4033 884 4091 oculis
905 4033 969 4089 vidi.
1000 4032 1061 4089 Hos
1082 4031 1239 4100 cincinnos,
1261 4039 1349 4090 tectos
1369 4050 1412 4091 ce·

796 4110 866 4187 pitio
884 4109 972 4178 lineo,
991 4107 1142 4185 superabat
1155 4107 1237 4165 mitra
1250 4107 1411 4182 cylindrica.

796 4189 829 4259 („
841 4185 954 4260 Insigne
969 4187 1059 4258 gentis
1072 4183 1216 4258 obliquare
1229 4183 1334 4240 crinem
1342 4226 1409 4244 .....

795 4262 925 4337 capillum
947 4279 1022 4336 saepe
1041 4259 1071 4316 in
1091 4259 1153 4335 ipso
1173 4259 1234 4315 solo
1254 4258 1355 4317 vertice
1375 4260 1410 4317 li·

794 4337 885 4413 gant.''
905 4337 970 4394 Tac.
991 4339 1085 4392 Germ.
1106 4338 1162 4407 38.)
1191 4336 1264 4391 Ante
1284 4334 1334 4392 hos
1348 4354 1411 4393 cen·

794 4411 1411 4488 tumquinquagintaannoaciucinnusmaxi·

793 4508 855 4548 mus
878 4489 1044 4547 informem
1065 4486 1161 4543 annuli
1180 4485 1252 4543 inira
1272 4507 1306 4544 er
1325 4488 1409 4546 mitra

793 4566 868 4642 apud
897 4583 993 4623 aurem
1013 4564 1139 4621 dextram
1160 4562 1313 4638 virginibus
1333 4571 1408 4623 exta·

793 4642 854 4711 bat,
875 4642 924 4718 qui
944 4649 1036 4698 tamen
1056 4638 1108 4696 sub
1124 4639 1234 4697 mitram
1247 4640 1409 4699 trahebatur

793 4719 910 4779 simulac
936 4716 1086 4777 nubebant.
1116 4715 1214 4774 Cultus
1240 4716 1408 4795 simplicior,

1298 4811 1335 4869 20
