3256 5310
105 228 160 286 825
1398 226 1454 285 326

106 457 259 527 ΒΙΒΟΙΙ),
278 457 331 533 adj.
345 459 481 517 turbatus.
505 459 586 517 Pror.
602 460 650 517 Iea
663 458 763 517 biroide
837 458 931 537 plenia
953 459 1040 528 ictus;
1067 460 1188 537 tropice,
1213 459 1259 519 dei
1279 460 1397 519 fulmine
1415 458 1455 520 ic·

146 536 225 604 tolle,
245 536 288 593 iera
306 537 360 611 lepe
372 555 461 612 pouq,
480 541 555 611 (post
575 536 763 611 bacchanalia)
837 546 891 594 tus.
912 538 940 593 lt
959 537 983 594 is
1002 535 1116 593 birrtrd!
1142 536 1227 613 Quod
1247 537 1317 596 deus
1337 536 1451 614 perdatl

146 616 337 670 consternatus
362 611 456 669 animo
476 614 521 670 vel
541 613 667 670 turbatus
687 632 762 671 cere·
837 614 884 670 len
904 612 1012 670 birrfrde
1032 612 1154 670 teerdel!
1187 613 1278 690 Quem
1298 613 1367 672 deus
1387 633 1451 690 per·

146 688 209 758 bro,
229 693 257 746 et
276 688 449 764 marsupium
467 689 557 747 inane.
584 689 631 747 Nl.
645 688 763 758 derootd,
837 689 885 747 dat
904 689 1000 747 homo!
1038 691 1112 747 Ante
1132 690 1182 747 hos
1203 690 1347 767 sexaginta
1366 708 1454 748 annos

145 765 673 916 litaturi?atilli?·
699 785 763 900 {tt
836 766 929 901 llll}
954 765 1384 918 {stilbtltltaftl
1404 785 1454 901 tt

144 918 210 975 Hol.
223 918 296 986 roci,
315 917 477 995 similesque
491 918 660 977 mutationes
674 919 763 976 literae
837 918 1004 987 liberorum,
1026 938 1100 977 nunc
1113 938 1147 977 ex
1160 918 1312 977 Hollaudia
1325 918 1355 977 in
1368 937 1451 977 usum

144 1015 161 1051 u
180 995 225 1052 rel
250 1014 272 1050 ro
291 995 322 1053 in
342 994 361 1052 i.
835 995 1030 1071 quotidianum
1052 995 1136 1053 ducta
1155 1000 1182 1052 et
1203 995 1285 1053 licita.

109 1069 303 1140 unbiroid,
323 1070 377 1147 adj.
398 1071 478 1129 valde
498 1070 635 1129 turbatus.
663 1071 709 1128 Ua
723 1071 763 1128 in·
797 1072 882 1139 Bis,
902 1072 962 1141 sis,
986 1091 1028 1161 cg.
1048 1071 1124 1145 (biis)
1144 1090 1255 1141 scurra,
1275 1072 1324 1149 qui
1344 1070 1454 1130 lascivit

144 1146 285 1204 tensirnm
297 1152 329 1204 ut
341 1147 371 1205 in
385 1168 501 1224 reamissa,
517 1148 634 1216 malum,
649 1148 761 1217 lolium,
836 1149 866 1206 in
878 1147 1029 1207 illudendis
1042 1148 1118 1215 aliis,
1140 1147 1206 1206 Hol.
1222 1148 1368 1225 spotuopel‚
1390 1148 1453 1206 Gal.

146 1242 233 1291 nom
261 1242 342 1312 paea,
367 1225 466 1282 malus.
510 1224 654 1282 Uuhiroide
678 1224 761 1293 ioue,
836 1224 952 1300 capitata.
982 1227 1032 1282 len
1056 1223 1198 1282 sarciam
1215 1227 1298 1300 paupe
1323 1225 1347 1282 ia
1371 1228 1455 1282 mart

146 1305 230 1376 capnt
263 1300 512 1369 rnoonsideratum,
545 1307 630 1376 caput
665 1300 760 1357 conf·
836 1302 878 1358 tea
891 1302 952 1369 diis,
967 1320 1038 1377 puer
1052 1308 1167 1376 argutus
1181 1301 1347 1378 plerumque
1357 1319 1452 1359 scurra

145 1395 223 1445 sum,
280 1376 452 1446 rtnrbatum,
473 1377 613 1454 praecipue
630 1395 762 1435 commes-
837 1384 886 1434 est.
920 1377 966 1435 Nl.
996 1377 1074 1444 Biia,
1107 1396 1190 1447 erro,
1219 1376 1336 1448 Bracht,
1368 1376 1454 1435 Mart.

145 1452 245 1509 sationi
267 1471 299 1510 us
318 1453 348 1511 in
369 1454 481 1528 longam
501 1464 619 1511 noctem.
836 1453 976 1531 Spicghel
998 1453 1035 1511 ΙΙ.
1058 1454 1120 1511 159.
1140 1473 1165 1511 a.

107 1526 288 1598 BIROPPE,
317 1529 395 1588 aba.
426 1549 492 1588 voce
518 1530 655 1604 attingere
681 1549 762 1586 uurcs
798 1530 935 1599 biiske,
966 1550 993 1588 n.
1013 1529 1079 1588 Ro.
1105 1530 1199 1606 puella
1225 1529 1364 1598 ferocula,
1391 1528 1454 1588 Gal.

145 1604 261 1679 alicujus
281 1605 321 1663 ita
340 1612 371 1663 ut
391 1606 487 1664 audiat
508 1613 537 1663 et
550 1606 696 1682 intelligat.
722 1606 763 1663 Di
837 1609 883 1683 qui
907 1625 935 1663 se
959 1606 1044 1665 douae
1069 1606 1114 1663 dea
1139 1607 1204 1663 aira.
1229 1636 1269 1651 -
1294 1606 1402 1677 Biiake,
1428 1624 1454 1663 n.

144 1680 253 1739 abisaac
280 1682 305 1738 a's
333 1701 365 1739 aa
394 1683 475 1759 dors,
506 1683 536 1739 ik
561 1684 609 1740 icen
635 1684 690 1740 tim
715 1686 763 1739 nat
836 1702 931 1742 scurra
950 1683 1055 1741 hilaris.
1087 1683 1152 1740 Hol.
1170 1683 1262 1758 paftje.
1287 1684 1335 1759 Hy
1354 1681 1455 1741 bosra

143 1757 267 1833 tiroppe,
286 1777 373 1816 senen
389 1778 435 1817 me
454 1759 509 1817 alta
527 1778 593 1817 roce
610 1758 762 1818 acclarnan·
835 1760 932 1828 bate,
952 1760 1104 1818 derisorem
1125 1759 1235 1836 agebat.

143 1838 199 1891 tem
225 1853 286 1911 prac
305 1834 442 1894 surditate
462 1835 559 1893 audire
580 1835 685 1911 nequit.
716 1835 761 1892 Fi·
798 1836 998 1914 bys-seint,
1018 1855 1059 1912 cg.
1073 1854 1181 1904 scurra3
1195 1835 1259 1904 sed,
1272 1854 1324 1913 per
1337 1834 1454 1893 mciosin

144 1920 258 1986 gurate,
284 1911 344 1969 Dat
362 1912 386 1969 tr
405 1912 485 1980 auid,
510 1912 560 1970 dot
578 1913 608 1969 di
627 1913 684 1969 iene
706 1913 762 1968 atet
836 1913 932 1971 Frisiis
945 1913 1103 1982 solennem,
1124 1911 1292 1989 plurimum,
1306 1911 1453 1988 deceptor,

145 1987 176 2043 di
202 2005 267 2044 ocre
290 1989 352 2045 host
380 1994 429 2047 nat
446 1989 556 2077 direppe
574 1990 638 2057 ken,
663 1989 761 2046 leviter
835 1990 928 2048 dubiae
948 1989 1117 2064 integritatis
1136 1989 1231 2058 homo,
1252 1988 1379 2065 quamvis
1392 2006 1455 2066 spc-

143 2070 291 2122 consutum
318 2070 360 2122 est
381 2065 464 2138 longe
485 2065 654 2123 distantibus
676 2084 762 2140 punc·
835 2066 906 2125 ciem
926 2065 1034 2123 honesti
1053 2065 1168 2124 babens.

143 2140 266 2198 tionibus
296 2159 370 2199 acus.
406 2141 447 2199 Di
475 2141 532 2199 ferte
557 2142 632 2199 arina
658 2143 705 2198 frea
733 2141 763 2199 dt
797 2143 1002 2219 bys-jeyer,
1021 2161 1062 2218 cg.
1085 2142 1174 2200 viator
1187 2141 1245 2199 sive
1258 2139 1453 2215 lictorjndicis

143 2235 207 2273 aare
231 2236 270 2294 yn
300 2215 322 2274 ’s
354 2218 524 2276 lraalredoclc
554 2219 614 2274 least
646 2222 693 2275 aot
725 2218 781 2279 bi.
836 2218 950 2296 pagani,
979 2219 1027 2295 qui
1054 2217 1142 2293 abigit
1168 2217 1310 2276 mendicos
1337 2216 1453 2275 nebulo·

143 2311 234 2369 roppe,
253 2293 282 2349 in
303 2294 354 2352 hoc
373 2313 445 2371 pune
465 2295 574 2352 triticeo
595 2313 656 2351 nvrc
671 2293 761 2351 corin·
835 2314 939 2371 aesque
961 2295 1203 2352 circumforaneos.
1223 2294 1284 2354 lto.
1305 2293 1454 2369 magma,

144 2369 243 2428 thiacae
264 2388 354 2446 passae
374 2378 441 2428 sunt
462 2370 617 2428 rarissimae.

105 2443 266 2522 biroppe,
280 2445 353 2504 rba
367 2447 518 2505 nominare.
540 2449 581 2503 Τα
592 2447 761 2505 acodlruaater

142 2524 263 2597 diroppe,
285 2523 430 2582 nominare
444 2524 678 2599 ludimagistrum.
698 2523 728 2581 F.
736 2542 761 2581 r.

142 2599 268 2687 dibropa,
298 2597 372 2658 rba.
398 2605 472 2657 certo
493 2599 538 2658 die
558 2619 711 2658 convocare
732 2600 760 2657 in

835 2372 924 2443 idern,
954 2371 986 2429 F.
1007 2372 1157 2447 dyrjcpqer,
1176 2369 1262 2429 idem.

796 2448 814 2506 b
846 2448 1007 2523 s·jonge,
1032 2466 1073 2523 cg.
1093 2466 1189 2505 scurra
1209 2465 1289 2523 puer.

796 2525 995 2600 brae-perte,
1016 2543 1057 2600 cg.
1072 2524 1200 2581 dolosum
1214 2522 1370 2581 consilium.
1385 2520 1453 2581 G.J.

798 2600 989 2668 blac-stit,
1013 2620 1041 2659 n.
1061 2601 1211 2658 scelestum
1232 2599 1348 2658 facinus.
1368 2598 1402 2656 G.
1416 2599 1443 2657 J.

142 2675 292 2733 concilium
299 2699 308 2744 ;
338 2676 394 2733 alto
421 2677 529 2733 ululatu
554 2676 686 2753 persequi
705 2695 761 2733 ma·
778 2672 780 2707 ³
797 2676 927 2746 blrich,
948 2677 1002 2751 adj.
1014 2676 1182 2752 jocularius,
1202 2675 1336 2735 scurrilis.
1358 2674 1452 2734 Btcicb

143 2751 321 2820 lefactorem3
351 2753 493 2829 appellare
521 2752 556 2810 dc
582 2753 690 2810 minore
714 2752 762 2810 tri·

144 2827 246 2886 bunalc
272 2827 307 2884 ad
332 2830 435 2903 majus:
467 2832 498 2886 lc
522 2831 618 2904 tyrope
642 2849 679 2886 un
698 2829 762 2886 dene

142 2906 263 2980 dyacope,
291 2905 404 2982 appello
430 2905 464 2964 nd
492 2906 663 2982 episcopum.
702 2907 763 2981 ripe

142 2982 242 3056 bgropa
268 2982 325 3053 son
359 2981 396 3038 da
424 3002 519 3057 myrra
549 2987 575 3038 to
604 2982 640 3038 da
668 3001 762 3039 marra

142 3058 238 3114 riuctt.
258 3088 298 3100 -
318 3059 383 3132 llgs.
408 3058 550 3134 betropaa,
578 3058 761 3134 appellando,

143 3132 339 3210 compellando
360 3153 475 3204 verare3
512 3135 579 3192 Luc.
599 3134 706 3192 xvlrl.
728 3139 759 3204 53

144 3228 177 3268 ex
211 3210 249 3285 pf.
280 3211 377 3286 lareop,
416 3212 496 3286 drop,
533 3211 610 3269 verbi
643 3214 760 3285 irrepan,

834 2755 927 2822 raiae,
947 2752 1067 2811 illudens
1088 2753 1189 2811 ridere.

797 2828 1053 2904 blac-bium,
1083 2829 1163 2887 vb.n.
1190 2828 1264 2886 inter
1291 2847 1321 2886 se
1347 2827 1454 2898 ridere,

834 2925 979 2964 susurrare
994 2912 1022 2963 et
1037 2905 1133 2964 ludere
1149 2905 1232 2975 alios,
1242 2904 1321 2981 jocos
1335 2904 1441 2981 agitare
1446 2947 1454 2974 ,

834 2989 866 3040 ut
895 2983 927 3039 fit
956 2981 1030 3040 inter
1053 2981 1169 3056 juvenes
1196 2986 1224 3039 ct
1243 2982 1360 3059 puellas.
1391 2980 1454 3040 Gal.

827 3061 958 3134 solafrer.
994 3060 1095 3116 Confer
1122 3061 1224 3134 Angv.
1254 3062 1281 3116 to
1307 3059 1379 3128 duro,
1407 3056 1456 3116 ba·

836 3137 904 3205 lare,
936 3134 1044 3192 latrare.
1084 3135 1150 3193 F.b.
1177 3136 1305 3204 duroman,
1335 3134 1453 3210 ejulare,

834 3212 896 3269 Joh.
928 3215 991 3269 100.
1031 3212 1210 3287 AgsNorth.
1239 3213 1332 3287 beosa,
1361 3212 1454 3285 beosa,

835 3287 988 3345 lamentari.
1006 3288 1169 3357 Neiddurce,
1183 3289 1331 3364 effingere,
1344 3286 1452 3345 imitare

834 3383 933 3421 sonum
960 3364 1035 3422 vocis
1059 3364 1176 3439 alicujus
1197 3364 1232 3422 ad
1252 3383 1317 3422 enm
1337 3363 1453 3422 irriden-

835 3441 911 3499 dum.
948 3440 1004 3497 Kil.
1031 3441 1192 3510 ,dies-boat,
1224 3438 1379 3498 scarabaeus
1399 3439 1452 3498 alis

834 3516 986 3592 strepitans
1013 3525 1041 3573 et
1061 3516 1183 3574 maximo
1210 3534 1273 3574 cum
1292 3515 1400 3592 impetu
1420 3534 1452 3574 ac

144 3285 271 3345 clamare.
301 3287 332 3345 F.
352 3305 449 3361 roppe,
468 3288 508 3364 pf.
528 3306 603 3362 roap.

105 3360 226 3439 birop,
253 3382 280 3422 n.
306 3363 462 3421 nominatio
488 3365 517 3438 (i.
539 3382 563 3423 e.
586 3363 705 3437 vocatio)
725 3363 760 3420 ad

143 3457 246 3496 munus
282 3440 373 3516 quod;
409 3440 531 3497 officium
559 3440 666 3518 ipsum,
698 3458 761 3516 pro·

144 3515 227 3573 fessio
240 3514 311 3591 ipsa.

105 3591 320 3681 biropinge,
340 3592 359 3650 f.
379 3592 441 3651 av.
462 3593 612 3669 appellatio
633 3592 669 3651 ad
686 3592 781 3668 judi-²
834 3593 953 3650 stridore
974 3593 1079 3650 volans.
1100 3612 1126 3668 q.
1148 3591 1175 3650 d.
1189 3591 1340 3650 stridulum
1355 3592 1452 3650 telum.

777 3648 781 3747 l
834 3670 1004 3738 Biesdouteu,
1031 3668 1184 3727 discurrere
1210 3687 1275 3727 cnm
1295 3668 1404 3747 impetu
1423 3674 1452 3727 et

834 3743 979 3804 stridore.'’

796 3821 1052 3892 biis-bduwer,
1072 3841 1114 3899 cg.
1135 3840 1245 3893 scurra,
1265 3822 1371 3883 illusor.

796 3897 923 3972 biizje,
950 3898 1029 3956 vb.n.
1055 3899 1175 3958 illudere
1201 3899 1246 3957 vcl
1265 3918 1378 3969 vexare,
1405 3918 1452 3958 cx·

835 3994 943 4033 carcerc
963 3974 1033 4033 alios
1055 3976 1112 4051 joci
1138 3976 1236 4051 gratia.
1266 3975 1306 4033 Di
1330 3975 1391 4032 atde
1413 3974 1453 4031 liu

145 3686 204 3727 cem
224 3687 365 3743 merorem.
395 3668 442 3727 Nl.
462 3671 541 3745 teger·
560 3671 661 3744 heroep.

106 3743 215 3819 birop
248 3744 283 3802 in
319 3765 349 3816 e,
369 3764 411 3820 cg.
430 3746 575 3823 professio.

106 3764 320 3890 Bfflodwsd
347 3821 426 3880 rb.n.
453 3823 597 3899 poenitere.
634 3823 698 3897 Aga.
719 3822 760 3877 de-

145 3898 265 3967 roueiarr,
291 3897 380 3967 idem,
403 3916 455 3974 pro
476 3918 532 3975 quo
553 3899 638 3974 Angli
658 3898 780 3961 habent,

145 3972 292 4032 Gallorum
311 3979 338 4033 fo
357 3979 463 4049 repmf,
487 3975 548 4032 Gal.
570 3977 695 4049 repeutir.
777 3964 780 4003 ¹

103 4048 223 4118 biron,
254 4068 281 4108 n.
312 4050 486 4129 paenitentia.
530 4053 559 4108 It
588 4053 664 4109 tirou
690 4024 780 4108 kant*
834 4053 938 4126 tetingen
964 4052 1040 4108 clear
1064 4052 1127 4127 μίαν
1137 4054 1191 4124 seu
1210 4052 1317 4124 tilam,
1345 4055 1451 4108 veteres

142 4144 174 4182 cs
192 4127 217 4182 s't
234 4130 262 4184 to
280 4127 317 4185 let
336 4128 373 4196 is,
402 4147 463 4186 seru
484 4128 560 4185 venit
584 4086 780 4207 poeuitentisd
834 4129 955 4186 multum
975 4128 1108 4185 amabant
1124 4128 1213 4185 facete
1227 4134 1255 4186 ct
1265 4128 1361 4202 jocose
1373 4145 1452 4184 exer·

105 4200 379 4273 BIRUCHTIGET,
402 4219 603 4272 arenariam,
623 4203 678 4280 adj.
700 4222 760 4260 rer·
777 4258 780 4275 ι
835 4224 896 4261 cere
916 4204 994 4262 alios.
1010 4236 1050 4248 -
1062 4204 1163 4275 Btiaje,
1184 4204 1261 4260 vbn.
1275 4202 1372 4261 dolosa
1384 4220 1451 4260 con·

143 4277 220 4349 bale,
240 4278 304 4338 av.
319 4281 394 4338 lamb
406 4286 561 4356 suspectus.
589 4280 780 4371 Beruclrtr'qefi
835 4281 897 4338 sitia
929 4281 1015 4349 inirc3
1046 4279 1080 4337 G.
1102 4279 1128 4338 J.
1158 4278 1239 4336 Prov.
1270 4279 1379 4335 Laifaes
1404 4276 1453 4335 iad

142 4355 193 4412 mat
223 4357 312 4433 ta'ustc.
360 4356 406 4415 Nl.
444 4358 576 4426 (terreat,
612 4363 780 4432 pervagatag
832 4357 928 4431 piiajen
957 4357 981 4411 is
1002 4356 1075 4432 folle
1103 4375 1163 4412 mor
1188 4355 1293 4429 hiiajen,
1323 4354 1395 4413 risus
1424 4359 1452 4413 et

143 4432 230 4501 fama,
260 4432 415 4509 praecipue,
445 4432 575 4491 infausta.
606 4431 780 4491 Neerlandi!
835 4432 958 4491 ludibria
979 4434 1089 4509 plerum
1111 4451 1146 4490 ue
1167 4452 1222 4490 non
1242 4438 1337 4490 carent
1356 4431 1431 4490 vitio.

143 4507 319 4584 distinguunt
350 4510 423 4567 iuter
456 4509 587 4578 wsmari,
628 4509 759 4576 celebris,
797 4507 960 4585 trlzerye,
982 4528 1023 4584 cg.
1044 4452 1176 4578 ludibria,
1199 4509 1377 4567 uaframenti.

142 4590 295 4658 spectatus,
309 4590 337 4643 et
349 4587 471 4653 bouelt,
491 4586 626 4655 famosus,
640 4585 780 4649 infamis.¹
872 4586 953 4643 Alam
980 4586 1078 4656 bajas,
1102 4586 1187 4654 dison,
1215 4585 1340 4644 lasciuire
1363 4585 1451 4644 instar

143 4659 190 4718 Nl.
210 4661 376 4751 deructtr‘pd,
399 4661 497 4720 Hooft.
518 4661 578 4719 lt'b.
599 4663 622 4720 1.
648 4665 708 4721 lar.
777 4658 780 4726 l
835 4681 925 4720 vacoru
946 4661 1043 4735 (Graff.
1062 4661 1115 4719 ΙΙΙ.
1137 4665 1216 4731 216),
1236 4663 1363 4733 fremere,
1386 4681 1450 4721 con·

104 4736 267 4808 BIRURD,
296 4737 430 4813 (brroerd)
458 4737 512 4814 adj.
539 4738 665 4807 verbale,
694 4732 781 4815 apo-l
835 4745 968 4799 sternere.
1001 4737 1050 4797 Nl.
1069 4738 1148 4815 (Kil.)
1167 4740 1243 4814 biiae,
1263 4739 1359 4798 furens
1378 4738 1450 4797 aeris
