3256 5310
162 212 217 275 187
1451 215 1507 274 188

425 364 564 424 Bruma.
834 390 837 423 ι
1113 367 1251 428 BARNE.

202 443 290 503 Alam.
301 444 381 519 peisti
388 487 395 512 ,
416 443 571 519 flagellum,
592 452 620 502 et
634 443 728 503 radius
742 444 837 535 solisp
893 447 974 516 netel,
1016 445 1116 518 (urtica
1159 447 1308 519 exstincta)
1351 444 1507 522 appellant;

200 522 261 579 Lat.
274 523 408 599 stuprum,
431 528 458 576 et
469 521 601 595 stuprare.
638 523 745 591 Verba-r,
766 541 837 578 rer·¹
893 522 976 581 Frisii
1011 543 1087 593 vcro,
1124 523 1200 599 quod
1234 523 1355 580 infantes
1391 523 1448 579 mel
1477 540 1510 580 cx

200 599 275 655 derat
293 599 339 656 sol.
834 614 836 643 i
894 599 1008 657 floribus
1044 619 1143 675 sugere
1176 606 1281 667 amant,
1317 599 1508 667 daniele-diem,

163 674 293 743 brand,
322 695 350 732 n.
380 693 406 750 p.
438 672 498 732 viri.
549 674 716 743 Brnadema,
746 694 819 733 nom.
855 692 859 698 ’
894 678 1026 752 inpellajes
1050 677 1111 734 tien.
1151 676 1249 735 Botan.
1269 676 1384 734 lamium
1406 675 1509 733 album.

202 752 432 827 patronymicum.
894 752 970 811 Hall.
994 756 1055 811 168.

163 828 307 902 brtnje,
328 846 369 903 cg.
391 826 553 885 alimentum
574 827 635 884 foci.
669 828 709 885 Di
727 828 835 911 ὀνιῖιιίει1
855 828 1075 899 brand-ries,
1096 829 1126 886 F.
1138 848 1163 887 0.
1177 829 1264 887 uredo
1278 830 1357 904 nigra
1370 827 1508 905 paniculae

202 905 225 962 is
251 904 327 973 (liar,
353 904 425 980 ignis
453 903 669 961 instrumentum
699 905 835 965 multum.
893 907 1036 964 arenaria).
1085 905 1132 963 Nl.
1166 905 1245 979 (Kil.)
1276 905 1372 972 brand,
1406 904 1507 973 uredo;

203 987 319 1039 constat.
833 980 835 1025 !
893 983 991 1041 vitium
1011 982 1156 1051 frumenti,
1176 1002 1272 1041 avcnrn
1293 988 1321 1039 et
1340 980 1435 1038 tritici.

164 1058 351 1134 brba-byt,
371 1076 399 1113 ιι.
420 1056 513 1114 confer
533 1057 592 1114 tite.
856 1060 1024 1135 brun-ny,
1054 1059 1108 1134 adj.
1139 1078 1234 1117 reeens
1260 1058 1295 1116 ab
1316 1057 1423 1115 officina
1443 1075 1507 1133 pro·

164 1133 388 1201 brba-brief,
418 1152 459 1209 cg.
488 1133 577 1190 litera*
603 1133 701 1192 indicti
726 1135 819 1191 inccn-
892 1138 994 1195 fectum
1016 1136 1244 1209 (instrumentum
1264 1134 1402 1211 quodvis).
1436 1136 1507 1208 stag.

202 1211 257 1280 dii,
285 1210 320 1267 ml
348 1209 544 1285 exprimendos
568 1210 611 1267 bis
631 1211 714 1268 minis
734 1210 818 1268 alicui
892 1215 1039 1282 brun-new,
1060 1213 1107 1271 Nl.
1128 1213 1207 1286 (Kit.)
1226 1211 1423 1278 brand-nieuw,
1443 1211 1512 1268 cier-

202 1306 339 1345 nummos.
356 1287 474 1362 Tropicc
488 1262 835 1362 ierrtrnruriesacrimced
892 1292 990 1359 nieuw,
1029 1291 1112 1361 (sier,
1149 1288 1242 1365 ignis).
1294 1287 1326 1345 F.
1349 1288 1511 1381 santet-ap,

201 1364 354 1422 debitorem
372 1362 459 1421 literis
473 1364 578 1440 asperis
592 1364 741 1422 admonere
755 1364 817 1421 ruris
894 1368 1035 1442 (sontelje,
1067 1369 1236 1438 eoruscare);
1262 1363 1388 1440 plaid-rap,
1420 1362 1511 1438 (glad,

201 1440 294 1499 alieni.
893 1443 934 1500 ful
954 1462 987 1500 or
1019 1443 1103 1501 idem.

163 1516 426 1588 brand-dolah,
446 1517 508 1576 nv.
528 1517 630 1575 vulnus
649 1518 715 1594 igne
728 1508 834 1597 indic-i
854 1448 1056 1579 brongd·)rad
1079 1519 1176 1596 gold,
1198 1518 1229 1577 F.
1241 1537 1265 1575 v.
1286 1535 1386 1576 aurum
1407 1515 1508 1573 rubore

163 1602 388 1748 brtdrilssgjirg,
415 1669 467 1746 adj.
493 1689 664 1748 praeparcus,
690 1670 817 1729 avarissi·
854 1597 1127 1742 mpptplpppjeiaud,
1156 1672 1222 1730 Rs.
1253 1669 1425 1758 incendium·
1448 1667 1514 1726 insi·

202 1767 273 1805 mus.
831 1714 834 1827 Ι
891 1750 1001 1809 diosum
1021 1770 1038 1808 a
1058 1748 1200 1826 proditore
1223 1747 1391 1821 excitatum
1418 1765 1512 1805 meen-

164 1824 411 1893 brand-halrm
439 1824 471 1882 F.
479 1842 503 1880 v.
526 1823 563 1901 pl.
583 1823 766 1894 brdndlraken,
785 1823 834 1897 F„
892 1827 997 1885 diarius
1017 1826 1176 1885 insidiosus.

200 1901 347 1969 ὂνιῖιιΙιίαΙι,
387 1901 424 1977 pl.
460 1900 666 1969 bruta-berithus,
707 1901 834 1977 (butan-¹
853 1903 1115 1972 nocht-briand,
1148 1904 1178 1961 F.
1187 1922 1211 1959 v.
1241 1900 1403 1960 incendium
1432 1905 1512 1956 nocte

201 1977 330 2052 hjekken)
355 1978 431 2035 curati
459 1978 494 2035 ad
521 1977 725 2035 extremitatem
745 1966 834 2045 uncol
891 1981 1055 2050 cxcitatum
1075 1978 1262 2039 incendiarius
1286 1985 1447 2037 nocturnus.

199 2055 343 2123 instructi,
370 2054 473 2131 quibus
500 2053 624 2113 ardentis
649 2055 748 2113 (lomus
770 2075 817 2132 pa·
853 2058 1020 2127 brrtnicb,
1041 2057 1095 2133 adj.
1115 2056 1255 2115 ustionem
1269 2055 1356 2114 olens.
1389 2052 1511 2128 Brdm'pe

200 2131 283 2191 rietes
304 2137 433 2189 evertunt
452 2130 487 2189 ad
521 2151 552 2189 ro
573 2151 679 2189 sessum
693 2132 834 2191 incendii'
891 2137 956 2209 lost,
976 2134 1085 2193 coelum
1105 2133 1254 2191 mrbescens
1272 2129 1512 2190 nebulaardcntis

200 2208 369 2278 sistendum,
391 2212 461 2278 559,
483 2151 527 2268 ld.
554 2152 598 2266 {br
619 2208 710 2267 edicto
727 2211 834 2268 muni·
892 2211 1004 2289 cespitis
1044 2210 1215 2269 bituminosi.
1268 2210 1388 2285 Brdnipe
1420 2208 1511 2276 tnedt,

200 2285 283 2362 cipali
302 2285 480 2361 magistratus
504 2286 669 2344 Franckenc
683 2306 726 2344 au.
743 2290 816 2345 lucu
892 2288 961 2347 odor
993 2309 1026 2347 ex
1059 2288 1142 2346 rebus
1172 2287 1254 2356 ustis,
1288 2305 1331 2344 ex.
1363 2304 1403 2361 gr.
1433 2284 1509 2360 ligno

199 2363 287 2452 liquet
307 2362 404 2420 Frisiis
421 2362 479 2436 jam
499 2381 532 2421 co
552 2382 612 2421 ruvo
631 2364 662 2421 in
683 2370 834 2452 promptur
891 2367 1000 2425 adusto.
1040 2365 1118 2423 Alias
1137 2364 1300 2422 breta-tacdt.

201 2442 287 2498 fursee
306 2439 401 2497 omnia
420 2439 621 2509 instrumenta,
644 2440 746 2516 quibus
767 2430 834 2498 nosi
854 2442 1025 2530 lrraning,
1045 2444 1063 2500 s.
1084 2441 1125 2498 W.
1133 2461 1157 2499 o.
1178 2441 1209 2498 u.
1222 2441 1246 2497 I.
1261 2442 1331 2508 969,
1353 2438 1384 2496 F.
1398 2436 1511 2512 brdainp

200 2516 307 2574 utimur
332 2515 369 2573 ad
387 2515 515 2573 incendia
536 2516 746 2592 restinguenda,
773 2492 834 2625 err-d
893 2520 1054 2594 (broanmg)
1088 2523 1172 2576 aestus
1199 2516 1309 2574 marini.
1359 2516 1408 2572 Nl.
1434 2515 1511 2571 dran-

199 2598 292 2728 tttt’.
309 2592 730 2745 tantumtantur.
743 2599 834 2729 itt
891 2596 968 2730 tu
989 2595 1284 2729 tutentur
1306 2592 1509 2727 'attint

199 2748 247 2806 tio.
267 2714 333 2804 an
354 2747 456 2823 loquor
470 2714 634 2822 dc’siphouc
647 2746 817 2805 incendiaria
892 2751 958 2825 Aga.
975 2691 1118 2823 dracaena,
1139 2747 1264 2816 adustio;
1284 2689 1438 2822 drdntsord,
1459 2746 1511 2803 fre·

199 2824 263 2892 tali,
290 2824 402 2913 qualern
427 2823 534 2899 primus
556 2822 616 2880 Van
646 2823 696 2882 der
726 2810 834 2887 Heidei
892 2832 951 2884 tum
972 2832 1102 2883 metuens.
1141 2825 1234 2883 Bcow.
1257 2826 1338 2882 1130.

199 2907 354 3034 postenorc
380 2899 482 2958 sarculo
506 2899 612 2957 invenit
633 2918 746 2977 quoque
765 2894 834 2967 nos!
854 2901 1029 2971 brander,
1058 2901 1184 2971 brander,
1214 2900 1245 2957 F.
1255 2918 1279 2956 v.
1307 2896 1509 2964 incendiarius;

219 2975 283 3033 odie
303 2976 417 3033 utimur.
891 2978 922 3037 in
942 2978 1113 3054 compositis.

161 3051 459 3141 brana-hlasana,
486 3050 549 3110 nv.
577 3053 658 3109 scalae
678 3052 756 3111 uncis
776 3051 817 3110 in·
853 3054 1028 3143 brander,
1049 3073 1091 3143 cg.
1112 3051 1229 3111 cacabus
1249 3051 1338 3124 major
1351 3055 1385 3138 ‘ct
1399 3048 1509 3115 rudior,

198 3133 312 3187 struem
345 3127 447 3204 quibus
480 3128 672 3186 conscendunt
702 3128 816 3186 domum
891 3150 939 3208 qur
969 3136 1123 3207 apponitur
1152 3130 1214 3186 foco
1246 3127 1359 3185 ardenti
1388 3131 1419 3182 ut
1438 3144 1510 3201 aqua

198 3205 343 3263 ardentem
357 3204 392 3262 ad
406 3194 834 3280 restinguendumincendium.'
890 3208 919 3266 in
940 3225 973 3265 eo
994 3206 1115 3274 calefiat;
1149 3205 1258 3275 ejecta,
1284 3205 1372 3271 settel,
1393 3202 1510 3259 cacabus

199 3281 329 3340 Edictum
340 3280 508 3357 municipale
514 3280 685 3350 Franckenu,
696 3286 758 3349 559,
772 3282 816 3342 17.
831 3274 834 3385 t
891 3286 984 3373 minor
1002 3286 1094 3340 torma
1106 3282 1173 3371 satis
1187 3280 1274 3349 bona,
1296 3280 1325 3368 in
1339 3298 1423 3356 quem
1437 3297 1511 3367 aqua

200 3360 268 3433 Aga.
288 3357 398 3426 bladam
422 3360 491 3431 Aug.
505 3357 611 3426 Inddrr,
631 3356 661 3414 F.
669 3377 696 3416 u.
711 3358 815 3427 rander,
892 3359 1028 3419 ebullrens
1049 3377 1185 3433 omaporc
1200 3356 1367 3426 effundunt,
1388 3362 1419 3413 ut
1435 3362 1511 3413 natus

200 3435 232 3493 F.
252 3434 364 3531 laperde,
386 3428 510 3509 (ljcdde).
831 3454 834 3507 ι
892 3436 1037 3511 elegantia,¹
1058 3436 1217 3495 consultum
1236 3434 1280 3492 sit

162 3512 360 3581 brba-saer,
383 3532 411 3570 n.
431 3510 593 3569 canterium.
632 3512 700 3586 Ags.
720 3511 834 3570 troiad-¹
853 3514 992 3584 Brenn,
1019 3532 1061 3589 cg.
1089 3512 1188 3587 (britte)
1209 3509 1367 3569 tabulatum
1387 3509 1510 3567 limacum

200 3591 271 3657 isca,
300 3589 345 3647 rel
371 3589 468 3657 mera,
498 3589 602 3647 terrum
628 3607 714 3665 supra
740 3550 834 3673 quodi
892 3603 975 3665 grave
1006 3589 1085 3648 binas
1115 3589 1191 3665 ripas
1217 3587 1290 3645 sulci
1324 3556 1434 3663 aquarii
1469 3587 1511 3642 ael

200 3667 277 3742 ligna
296 3671 440 3741 ponuntur
458 3665 488 3722 in
509 3666 584 3734 foco,
605 3670 635 3722 ut
655 3665 756 3724 melius
777 3685 834 3737 ιιι-ι
892 3666 995 3725 canalis
1005 3666 1141 3741 jungens,
1155 3670 1187 3722 ut
1200 3668 1345 3723 transeant
1357 3681 1458 3739 pecora
1469 3661 1512 3719 vol

199 3742 297 3810 deant;
323 3742 419 3819 tripes.
458 3741 506 3799 Nl.
533 3741 612 3817 (Kil.)
642 3742 816 3815 dread-&aem
892 3762 943 3832 per
962 3742 991 3800 id
1011 3744 1128 3800 volratur
1142 3739 1395 3819 plaustrumsocni.
1426 3739 1513 3796 Plene

200 3818 368 3886 cauterium3
399 3817 520 3875 fulcrum
541 3817 691 3887 focariam
711 3824 818 3876 crateu-
854 3818 1065 3890 thal-barte,
1086 3817 1243 3877 tabulatum
1263 3817 1292 3875 in
1313 3816 1428 3874 modurn
1443 3833 1513 3891 pon·

199 3894 310 3953 terium.
350 3895 421 3970 Ang.
443 3894 615 3964 barad-eoa,
642 3894 719 3952 Seoti
738 3896 817 3951 droa·
891 3896 979 3955 ticuli.
1010 3896 1114 3954 Confer
1132 3895 1214 3953 uide.
1245 3894 1367 3970 Estque,
1389 3891 1431 3950 ret
1451 3911 1513 3967 por-

199 3971 255 4029 der·
892 3973 970 4031 tutilo
985 3978 1014 4031 ct
1027 3973 1163 4042 solutum,
1177 3970 1220 4028 vel
1234 3972 1329 4029 fixum
1347 3969 1413 4027 uo.
1429 3969 1512 4037 batte,

162 4048 387 4118 brba-mark,
402 4066 429 4105 n.
443 4047 552 4123 stigma.
565 4048 628 4106 nv.
642 4048 817 4106 broadraerlr.
892 4049 975 4107 idem.
1003 4050 1077 4107 suu.
1100 4051 1143 4107 10.
1177 4047 1217 4106 la·
1235 4066 1296 4105 maa
1314 4047 1363 4104 aar
1382 4046 1424 4103 terr
1443 4046 1512 4103 rect

162 4125 423 4200 brba-merida,
456 4124 534 4183 aba.
564 4124 694 4201 stigmate
714 4131 817 4183 notare.
892 4146 924 4184 aa
943 4126 985 4183 aa
1004 4127 1092 4195 barte,
1113 4125 1197 4183 homo
1217 4124 1299 4181 dorso
1319 4122 1375 4181 lato
1396 4127 1424 4180 et
1444 4121 1514 4180 Her·

200 4204 258 4280 Aga
271 4203 419 4272 marcion,
439 4201 530 4271 idern,
549 4206 688 4271 strauere,
703 4202 835 4277 stigma,}
893 4202 981 4262 culco.
1024 4204 1065 4260 Yrr
1094 4202 1124 4259 di
1148 4200 1208 4259 stad
1232 4200 1296 4259 roier
1316 4200 1345 4256 u
1363 4218 1394 4257 so
1413 4200 1514 4272 manger

199 4280 304 4357 absque
327 4278 419 4337 nand.
459 4278 560 4337 Confer
586 4279 661 4355 leges
681 4276 835 4355 dogmas-³
893 4299 924 4337 ns
948 4280 992 4337 tea
1017 4298 1098 4355 rouge
1117 4278 1167 4336 iad
1190 4279 1223 4354 by
1249 4276 1279 4333 a·
1305 4276 1366 4333 beer
1390 4295 1423 4333 aa
1441 4276 1514 4347 ujor

202 4375 308 4414 sonum
329 4356 384 4431 (ed.
406 4356 438 4413 R.
459 4355 583 4427 Schmid)
603 4374 630 4432 p.
652 4357 721 4423 909,
748 4357 818 4425 990,
892 4356 1093 4426 ostentante,
1114 4354 1279 4413 macilentus
1299 4352 1328 4410 in
1348 4351 1417 4410 urba
1440 4350 1512 4407 valc-

201 4436 230 4489 ct
258 4432 287 4488 in
317 4432 425 4509 legibus
455 4431 538 4490 Barb.
568 4432 677 4490 Latinis
702 4431 817 4489 Henrici
895 4432 993 4490 tudine
1013 4431 1098 4490 obesa
1117 4431 1194 4490 niteo
1215 4430 1282 4488 nari.

201 4507 298 4576 Primi,
322 4512 393 4577 463,
421 4509 540 4583 amare,
563 4514 660 4567 notare
679 4509 818 4584 stigmate.
832 4564 835 4583 1
856 4506 1073 4586 slep-barte,
1094 4507 1250 4567 tabulatum
1270 4506 1300 4563 in
1314 4502 1429 4562 modam
1443 4521 1512 4579 pou·

163 4583 406 4653 brba-nettel,
438 4603 479 4661 cg.
503 4584 593 4643 urtica
618 4603 716 4654 urens,
742 4582 835 4641 Halt‘
894 4585 987 4655 ticuli,
1018 4584 1052 4643 ab
1083 4584 1172 4643 altera
1202 4586 1281 4660 parte
1310 4580 1448 4648 solutum,
1478 4578 1514 4636 ab

202 4662 266 4717 195.
314 4659 395 4718 Hanc
424 4660 550 4748 plantam
579 4660 633 4719 rite
662 4654 835 4735 distinguas'
893 4661 983 4719 altera
1001 4661 1031 4719 in
1045 4661 1107 4719 fixis
1122 4657 1281 4718 cardinibus
1294 4654 1439 4723 versatile,
1459 4673 1515 4731 ope

200 4734 237 4795 ab
266 4734 320 4793 alia
348 4735 450 4806 eiorih,
479 4754 565 4813 quam
589 4735 726 4797 Hodandi
754 4735 835 4795 ciere¹
893 4736 971 4797 funis
990 4736 1115 4795 elevatur
1134 4742 1164 4795 ct
1183 4732 1329 4793 descendit
1348 4749 1400 4810 pro
1415 4730 1514 4790 lubitu.
