<?xml version="1.0" encoding="UTF-8"?>
<!DOCTYPE html PUBLIC "-//W3C//DTD XHTML 1.0 Transitional//EN"
    "http://www.w3.org/TR/xhtml1/DTD/xhtml1-transitional.dtd">
<html xmlns="http://www.w3.org/1999/xhtml" xml:lang="en" lang="en">
 <head>
  <title>
</title>
<meta http-equiv="Content-Type" content="text/html;charset=utf-8" />
  <meta name='ocr-system' content='tesseract 3.04.00' />
  <meta name='ocr-capabilities' content='ocr_page ocr_carea ocr_par ocr_line ocrx_word'/>
</head>
<body>
  <div class='ocr_page' id='page_1' title='image "./lexiconfrisicum00halbgoog_0174.png"; bbox 0 0 3256 5310; ppageno 0'>
   <div class='ocr_carea' id='block_1_1' title="bbox 101 272 1445 331">
    <p class='ocr_par' dir='ltr' id='par_1_1' title="bbox 101 272 1445 331">
     <span class='ocr_line' id='line_1_1' title="bbox 101 272 1445 331; baseline 0.001 -2"><span class='ocrx_word' id='word_1_1' title='bbox 101 272 160 331; x_wconf 77' lang='lat'>821</span> <span class='ocrx_word' id='word_1_2' title='bbox 1388 272 1445 330; x_wconf 74' lang='lat'>822</span> 
     </span>
    </p>
   </div>
   <div class='ocr_carea' id='block_1_2' title="bbox 341 422 1207 529">
    <p class='ocr_par' dir='ltr' id='par_1_2' title="bbox 341 422 1207 529">
     <span class='ocr_line' id='line_1_2' title="bbox 341 422 1207 529; baseline -0.001 -48"><span class='ocrx_word' id='word_1_3' title='bbox 341 423 518 481; x_wconf 81' lang='lat' dir='ltr'>BIREWLI.</span> <span class='ocrx_word' id='word_1_4' title='bbox 778 466 783 529; x_wconf 69' lang='grc' dir='ltr'>Ι</span> <span class='ocrx_word' id='word_1_5' title='bbox 1038 422 1207 480; x_wconf 81' lang='lat' dir='ltr'>BililEDE.</span> 
     </span>
    </p>
   </div>
   <div class='ocr_carea' id='block_1_3' title="bbox 136 498 1449 1800">
    <p class='ocr_par' dir='ltr' id='par_1_3' title="bbox 136 498 1449 1721">
     <span class='ocr_line' id='line_1_3' title="bbox 141 498 1449 576; baseline 0.002 -19"><span class='ocrx_word' id='word_1_6' title='bbox 141 500 187 558; x_wconf 82' lang='lat' dir='ltr'>Nl.</span> <span class='ocrx_word' id='word_1_7' title='bbox 196 520 221 559; x_wconf 87' lang='lat' dir='ltr'>v.</span> <span class='ocrx_word' id='word_1_8' title='bbox 247 520 378 569; x_wconf 72' lang='lat' dir='ltr'>recurrere,</span> <span class='ocrx_word' id='word_1_9' title='bbox 405 500 540 558; x_wconf 74' lang='lat' dir='ltr'>caelavere</span> <span class='ocrx_word' id='word_1_10' title='bbox 567 519 671 558; x_wconf 88' lang='lat' dir='ltr'>curare.</span> <span class='ocrx_word' id='word_1_11' title='bbox 709 501 782 557; x_wconf 83' lang='lat' dir='ltr'>Ca·-</span> <span class='ocrx_word' id='word_1_12' title='bbox 836 500 918 575; x_wconf 78' lang='lat' dir='ltr'>angli</span> <span class='ocrx_word' id='word_1_13' title='bbox 934 500 1063 576; x_wconf 84' lang='lat' dir='ltr'>plurimis</span> <span class='ocrx_word' id='word_1_14' title='bbox 1078 498 1168 557; x_wconf 85' lang='lat' dir='ltr'>verbis</span> <span class='ocrx_word' id='word_1_15' title='bbox 1182 507 1267 557; x_wconf 89' lang='lat' dir='ltr'>totam</span> <span class='ocrx_word' id='word_1_16' title='bbox 1281 499 1449 559; x_wconf 85' lang='lat' dir='ltr'>abscindunt</span> 
     </span>
     <span class='ocr_line' id='line_1_4' title="bbox 141 576 1447 655; baseline 0.002 -21"><span class='ocrx_word' id='word_1_17' title='bbox 141 576 226 634; x_wconf 87' lang='lat' dir='ltr'>darer</span> <span class='ocrx_word' id='word_1_18' title='bbox 253 590 399 655; x_wconf 79' lang='lat' dir='ltr'>postquam</span> <span class='ocrx_word' id='word_1_19' title='bbox 427 588 503 633; x_wconf 85' lang='lat' dir='ltr'>reste</span> <span class='ocrx_word' id='word_1_20' title='bbox 531 578 610 634; x_wconf 91' lang='lat' dir='ltr'>serali</span> <span class='ocrx_word' id='word_1_21' title='bbox 639 585 697 634; x_wconf 86' lang='lat' dir='ltr'>erat</span> <span class='ocrx_word' id='word_1_22' title='bbox 716 578 782 635; x_wconf 58' lang='lat' dir='ltr'>iri-¹</span> <span class='ocrx_word' id='word_1_23' title='bbox 834 577 1074 646; x_wconf 80' lang='lat' dir='ltr'><strong>terminationem,</strong></span> <span class='ocrx_word' id='word_1_24' title='bbox 1093 595 1135 633; x_wconf 82' lang='lat' dir='ltr'>ex.</span> <span class='ocrx_word' id='word_1_25' title='bbox 1155 596 1194 650; x_wconf 81' lang='lat' dir='ltr'>gr.</span> <span class='ocrx_word' id='word_1_26' title='bbox 1215 576 1244 633; x_wconf 88' lang='lat' dir='ltr'>F.</span> <span class='ocrx_word' id='word_1_27' title='bbox 1264 576 1353 647; x_wconf 80' lang='lat' dir='ltr'>didde,</span> <span class='ocrx_word' id='word_1_28' title='bbox 1374 579 1447 654; x_wconf 63' lang='lat' dir='ltr'>lupe,</span> 
     </span>
     <span class='ocr_line' id='line_1_5' title="bbox 142 640 1448 730; baseline 0.003 -21"><span class='ocrx_word' id='word_1_29' title='bbox 142 653 242 710; x_wconf 88' lang='lat' dir='ltr'>dutum</span> <span class='ocrx_word' id='word_1_30' title='bbox 264 655 306 725; x_wconf 85' lang='lat' dir='ltr'>(F.</span> <span class='ocrx_word' id='word_1_31' title='bbox 315 654 340 711; x_wconf 89' lang='lat' dir='ltr'>b.</span> <span class='ocrx_word' id='word_1_32' title='bbox 367 654 510 725; x_wconf 70' lang='lat' dir='ltr'>aaaron),</span> <span class='ocrx_word' id='word_1_33' title='bbox 540 664 572 709; x_wconf 91' lang='lat' dir='ltr'>ut</span> <span class='ocrx_word' id='word_1_34' title='bbox 598 655 672 730; x_wconf 92' lang='lat' dir='ltr'>apud</span> <span class='ocrx_word' id='word_1_35' title='bbox 699 640 782 727; x_wconf 64' lang='lat' dir='ltr'>uos-l</span> <span class='ocrx_word' id='word_1_36' title='bbox 833 654 941 722; x_wconf 74' lang='lat' dir='ltr'>dedere,</span> <span class='ocrx_word' id='word_1_37' title='bbox 968 654 1018 722; x_wconf 76' lang='lat' dir='ltr'>tte,</span> <span class='ocrx_word' id='word_1_38' title='bbox 1045 652 1125 720; x_wconf 75' lang='lat' dir='ltr'>liade,</span> <span class='ocrx_word' id='word_1_39' title='bbox 1154 653 1339 726; x_wconf 67' lang='lat' dir='ltr'>tlrt&#39;nke,er&#39;,1&#39;e,</span> <span class='ocrx_word' id='word_1_40' title='bbox 1359 655 1448 729; x_wconf 78' lang='lat' dir='ltr'>eliepe.</span> 
     </span>
     <span class='ocr_line' id='line_1_6' title="bbox 140 730 1447 806; baseline 0 -19"><span class='ocrx_word' id='word_1_41' title='bbox 140 730 442 797; x_wconf 83' lang='lat' dir='ltr'>trates,coilocatmtur</span> <span class='ocrx_word' id='word_1_42' title='bbox 456 730 483 785; x_wconf 91' lang='lat' dir='ltr'>in</span> <span class='ocrx_word' id='word_1_43' title='bbox 499 731 644 795; x_wconf 86' lang='lat' dir='ltr'>stramine,</span> <span class='ocrx_word' id='word_1_44' title='bbox 664 731 780 806; x_wconf 73' lang='lat' dir='ltr'>ilriquel</span> <span class='ocrx_word' id='word_1_45' title='bbox 833 732 905 805; x_wconf 83' lang='lat' dir='ltr'>Aug.</span> <span class='ocrx_word' id='word_1_46' title='bbox 938 736 964 786; x_wconf 85' lang='lat' dir='ltr'>to</span> <span class='ocrx_word' id='word_1_47' title='bbox 994 730 1053 800; x_wconf 78' lang='lat' dir='ltr'>bid,</span> <span class='ocrx_word' id='word_1_48' title='bbox 1083 730 1152 795; x_wconf 82' lang='lat' dir='ltr'>doro,</span> <span class='ocrx_word' id='word_1_49' title='bbox 1181 731 1260 797; x_wconf 76' lang='lat' dir='ltr'>hear,</span> <span class='ocrx_word' id='word_1_50' title='bbox 1289 735 1346 799; x_wconf 81' lang='lat' dir='ltr'>ent,</span> <span class='ocrx_word' id='word_1_51' title='bbox 1372 730 1447 802; x_wconf 84' lang='lat' dir='ltr'>lead,</span> 
     </span>
     <span class='ocr_line' id='line_1_7' title="bbox 139 804 1447 883; baseline 0 -20"><span class='ocrx_word' id='word_1_52' title='bbox 139 807 267 863; x_wconf 89' lang='lat' dir='ltr'>manebat</span> <span class='ocrx_word' id='word_1_53' title='bbox 288 826 378 882; x_wconf 86' lang='lat' dir='ltr'>usque</span> <span class='ocrx_word' id='word_1_54' title='bbox 392 806 458 861; x_wconf 90' lang='lat' dir='ltr'>dum</span> <span class='ocrx_word' id='word_1_55' title='bbox 478 807 713 881; x_wconf 79' lang='lat' dir='ltr'>transpormbatur</span> <span class='ocrx_word' id='word_1_56' title='bbox 730 808 758 865; x_wconf 92' lang='lat' dir='ltr'>in</span> <span class='ocrx_word' id='word_1_57' title='bbox 834 808 922 874; x_wconf 78' lang='lat' dir='ltr'>think,</span> <span class='ocrx_word' id='word_1_58' title='bbox 936 826 993 874; x_wconf 78' lang='lat' dir='ltr'>sete,</span> <span class='ocrx_word' id='word_1_59' title='bbox 1006 808 1090 880; x_wconf 81' lang='lat' dir='ltr'>slaep,·</span> <span class='ocrx_word' id='word_1_60' title='bbox 1108 804 1282 881; x_wconf 86' lang='lat' dir='ltr'>Helgolaud,</span> <span class='ocrx_word' id='word_1_61' title='bbox 1299 806 1357 875; x_wconf 84' lang='lat' dir='ltr'>bed,</span> <span class='ocrx_word' id='word_1_62' title='bbox 1368 807 1447 883; x_wconf 72' lang='lat' dir='ltr'>drtr&#39;c&#39;p,</span> 
     </span>
     <span class='ocr_line' id='line_1_8' title="bbox 139 880 1446 959; baseline 0.002 -19"><span class='ocrx_word' id='word_1_63' title='bbox 139 882 278 950; x_wconf 78' lang='lat' dir='ltr'>loculum,</span> <span class='ocrx_word' id='word_1_64' title='bbox 307 882 383 958; x_wconf 91' lang='lat' dir='ltr'>quod</span> <span class='ocrx_word' id='word_1_65' title='bbox 411 882 491 940; x_wconf 82' lang='lat' dir='ltr'>Frisii</span> <span class='ocrx_word' id='word_1_66' title='bbox 518 882 643 940; x_wconf 83' lang='lat' dir='ltr'>boreales</span> <span class='ocrx_word' id='word_1_67' title='bbox 663 884 758 959; x_wconf 85' lang='lat' dir='ltr'>appel·</span> <span class='ocrx_word' id='word_1_68' title='bbox 831 884 909 950; x_wconf 70' lang='lat' dir='ltr'>liefr,</span> <span class='ocrx_word' id='word_1_69' title='bbox 936 882 970 950; x_wconf 76' lang='lat' dir='ltr'>it,</span> <span class='ocrx_word' id='word_1_70' title='bbox 1000 883 1067 950; x_wconf 78' lang='lat' dir='ltr'>lieri,</span> <span class='ocrx_word' id='word_1_71' title='bbox 1094 880 1182 949; x_wconf 80' lang='lat' dir='ltr'>tle&#39;nlc,</span> <span class='ocrx_word' id='word_1_72' title='bbox 1208 883 1260 949; x_wconf 83' lang='lat' dir='ltr'>aei,</span> <span class='ocrx_word' id='word_1_73' title='bbox 1282 883 1367 956; x_wconf 78' lang='lat' dir='ltr'>eliap,</span> <span class='ocrx_word' id='word_1_74' title='bbox 1388 891 1446 942; x_wconf 77' lang='lat' dir='ltr'>eret.</span> 
     </span>
     <span class='ocr_line' id='line_1_9' title="bbox 139 958 1447 1035; baseline 0.001 -19"><span class='ocrx_word' id='word_1_75' title='bbox 139 958 234 1016; x_wconf 89' lang='lat' dir='ltr'>labant</span> <span class='ocrx_word' id='word_1_76' title='bbox 264 960 452 1035; x_wconf 72' lang='lat' dir='ltr'>kant-Ieyaaplr.</span> <span class='ocrx_word' id='word_1_77' title='bbox 487 960 589 1028; x_wconf 80' lang='lat' dir='ltr'>(Knat,</span> <span class='ocrx_word' id='word_1_78' title='bbox 617 960 662 1016; x_wconf 76' lang='lat' dir='ltr'>n&#39;l.</span> <span class='ocrx_word' id='word_1_79' title='bbox 693 962 756 1028; x_wconf 78' lang='lat' dir='ltr'>liat,</span> <span class='ocrx_word' id='word_1_80' title='bbox 833 960 865 1016; x_wconf 91' lang='lat' dir='ltr'>ln</span> <span class='ocrx_word' id='word_1_81' title='bbox 881 959 936 1015; x_wconf 87' lang='lat' dir='ltr'>vita</span> <span class='ocrx_word' id='word_1_82' title='bbox 951 960 1041 1016; x_wconf 79' lang='lat' dir='ltr'>navali</span> <span class='ocrx_word' id='word_1_83' title='bbox 1055 965 1212 1033; x_wconf 75' lang='lat' dir='ltr'>strepentes</span> <span class='ocrx_word' id='word_1_84' title='bbox 1227 958 1301 1015; x_wconf 83' lang='lat' dir='ltr'>renti</span> <span class='ocrx_word' id='word_1_85' title='bbox 1315 959 1447 1028; x_wconf 84' lang='lat' dir='ltr'>etuudre,</span> 
     </span>
     <span class='ocr_line' id='line_1_10' title="bbox 137 1034 1448 1111; baseline 0.002 -20"><span class='ocrx_word' id='word_1_86' title='bbox 137 1034 411 1102; x_wconf 78' lang='lat' dir='ltr'>deod-trist,loetrlus.</span> <span class='ocrx_word' id='word_1_87' title='bbox 435 1037 779 1111; x_wconf 59' lang='lat' dir='ltr'>Lepoapmtlrrgtaying.</span> <span class='ocrx_word' id='word_1_88' title='bbox 831 1035 943 1110; x_wconf 84' lang='lat' dir='ltr'>ingenia</span> <span class='ocrx_word' id='word_1_89' title='bbox 976 1036 1077 1092; x_wconf 90' lang='lat' dir='ltr'>alaeria</span> <span class='ocrx_word' id='word_1_90' title='bbox 1110 1043 1275 1103; x_wconf 89' lang='lat' dir='ltr'>nautarum,</span> <span class='ocrx_word' id='word_1_91' title='bbox 1307 1054 1359 1093; x_wconf 89' lang='lat' dir='ltr'>nec</span> <span class='ocrx_word' id='word_1_92' title='bbox 1390 1055 1448 1094; x_wconf 90' lang='lat' dir='ltr'>uon</span> 
     </span>
     <span class='ocr_line' id='line_1_11' title="bbox 137 1111 1449 1189; baseline 0.002 -21"><span class='ocrx_word' id='word_1_93' title='bbox 137 1112 230 1187; x_wconf 73' lang='lat' dir='ltr'>lapinp</span> <span class='ocrx_word' id='word_1_94' title='bbox 264 1114 322 1181; x_wconf 81' lang='lat' dir='ltr'>out,</span> <span class='ocrx_word' id='word_1_95' title='bbox 355 1112 446 1187; x_wconf 73' lang='lat' dir='ltr'>Icyt‘np</span> <span class='ocrx_word' id='word_1_96' title='bbox 478 1116 524 1167; x_wconf 84' lang='lat' dir='ltr'>ort</span> <span class='ocrx_word' id='word_1_97' title='bbox 553 1112 582 1168; x_wconf 82' lang='lat' dir='ltr'>in</span> <span class='ocrx_word' id='word_1_98' title='bbox 611 1133 628 1168; x_wconf 86' lang='lat' dir='ltr'>o</span> <span class='ocrx_word' id='word_1_99' title='bbox 658 1116 756 1184; x_wconf 60' lang='lat' dir='ltr'>cuffiam</span> <span class='ocrx_word' id='word_1_100' title='bbox 832 1113 971 1180; x_wconf 77' lang='lat' dir='ltr'>celeritas,</span> <span class='ocrx_word' id='word_1_101' title='bbox 992 1131 1047 1189; x_wconf 91' lang='lat' dir='ltr'>qua</span> <span class='ocrx_word' id='word_1_102' title='bbox 1063 1112 1141 1187; x_wconf 84' lang='lat' dir='ltr'>jussa</span> <span class='ocrx_word' id='word_1_103' title='bbox 1161 1111 1274 1168; x_wconf 90' lang='lat' dir='ltr'>rectoris</span> <span class='ocrx_word' id='word_1_104' title='bbox 1290 1118 1357 1169; x_wconf 88' lang='lat' dir='ltr'>sunt</span> <span class='ocrx_word' id='word_1_105' title='bbox 1372 1131 1449 1170; x_wconf 85' lang='lat' dir='ltr'>exse·</span> 
     </span>
     <span class='ocr_line' id='line_1_12' title="bbox 138 1187 1448 1266; baseline 0.001 -20"><span class='ocrx_word' id='word_1_106' title='bbox 138 1188 329 1264; x_wconf 81' lang='lat' dir='ltr'>Shalrcspeare</span> <span class='ocrx_word' id='word_1_107' title='bbox 347 1188 438 1263; x_wconf 68' lang='lat' dir='ltr'>iopam</span> <span class='ocrx_word' id='word_1_108' title='bbox 449 1188 549 1262; x_wconf 79' lang='lat' dir='ltr'>sorth;</span> <span class='ocrx_word' id='word_1_109' title='bbox 570 1207 611 1245; x_wconf 85' lang='lat' dir='ltr'>ex.</span> <span class='ocrx_word' id='word_1_110' title='bbox 625 1209 665 1264; x_wconf 86' lang='lat' dir='ltr'>gr.</span> <span class='ocrx_word' id='word_1_111' title='bbox 697 1191 757 1245; x_wconf 67' lang='lat' dir='ltr'>Fae</span> <span class='ocrx_word' id='word_1_112' title='bbox 851 1188 958 1256; x_wconf 91' lang='lat' dir='ltr'>uenda,</span> <span class='ocrx_word' id='word_1_113' title='bbox 996 1196 1131 1264; x_wconf 86' lang='lat' dir='ltr'>respuunt</span> <span class='ocrx_word' id='word_1_114' title='bbox 1170 1187 1264 1245; x_wconf 91' lang='lat' dir='ltr'>omnia</span> <span class='ocrx_word' id='word_1_115' title='bbox 1306 1188 1448 1266; x_wconf 86' lang='lat' dir='ltr'>sesquipe·</span> 
     </span>
     <span class='ocr_line' id='line_1_13' title="bbox 138 1208 1449 1343; baseline 0.004 -24"><span class='ocrx_word' id='word_1_116' title='bbox 138 1264 207 1320; x_wconf 78' lang='lat' dir='ltr'>daim</span> <span class='ocrx_word' id='word_1_117' title='bbox 231 1281 283 1333; x_wconf 80' lang='lat' dir='ltr'>me,</span> <span class='ocrx_word' id='word_1_118' title='bbox 312 1265 371 1322; x_wconf 81' lang='lat' dir='ltr'>then</span> <span class='ocrx_word' id='word_1_119' title='bbox 392 1265 437 1340; x_wconf 77' lang='lat' dir='ltr'>loy</span> <span class='ocrx_word' id='word_1_120' title='bbox 457 1284 497 1320; x_wconf 84' lang='lat' dir='ltr'>me</span> <span class='ocrx_word' id='word_1_121' title='bbox 508 1266 696 1340; x_wconf 77' lang='lat' dir='ltr'>forth.....</span> <span class='ocrx_word' id='word_1_122' title='bbox 717 1266 778 1343; x_wconf 81' lang='lat' dir='ltr'>irr-¹</span> <span class='ocrx_word' id='word_1_123' title='bbox 831 1208 905 1322; x_wconf 77' lang='lat' dir='ltr'>iiaiin</span> <span class='ocrx_word' id='word_1_124' title='bbox 928 1263 1021 1331; x_wconf 85' lang='lat' dir='ltr'>rerba,</span> <span class='ocrx_word' id='word_1_125' title='bbox 1048 1272 1076 1321; x_wconf 91' lang='lat' dir='ltr'>et</span> <span class='ocrx_word' id='word_1_126' title='bbox 1096 1270 1192 1339; x_wconf 86' lang='lat' dir='ltr'>gentes</span> <span class='ocrx_word' id='word_1_127' title='bbox 1213 1263 1359 1322; x_wconf 79' lang='lat' dir='ltr'>maritimae</span> <span class='ocrx_word' id='word_1_128' title='bbox 1400 1285 1449 1324; x_wconf 85' lang='lat' dir='ltr'>rae·</span> 
     </span>
     <span class='ocr_line' id='line_1_14' title="bbox 140 1284 1398 1418; baseline 0.002 -21"><span class='ocrx_word' id='word_1_129' title='bbox 140 1346 181 1397; x_wconf 82' lang='lat' dir='ltr'>ter·</span> <span class='ocrx_word' id='word_1_130' title='bbox 200 1362 248 1398; x_wconf 81' lang='lat' dir='ltr'>me.</span> <span class='ocrx_word' id='word_1_131' title='bbox 268 1340 304 1399; x_wconf 83' lang='lat' dir='ltr'>ct.</span> <span class='ocrx_word' id='word_1_132' title='bbox 323 1340 468 1411; x_wconf 84' lang='lat' dir='ltr'>Johnson.)</span> <span class='ocrx_word' id='word_1_133' title='bbox 489 1373 528 1384; x_wconf 92' lang='lat'><em>-</em></span> <span class='ocrx_word' id='word_1_134' title='bbox 552 1340 582 1398; x_wconf 88' lang='lat' dir='ltr'>F.</span> <span class='ocrx_word' id='word_1_135' title='bbox 602 1342 700 1413; x_wconf 83' lang='lat' dir='ltr'>Aahjo</span> <span class='ocrx_word' id='word_1_136' title='bbox 714 1363 756 1418; x_wconf 73' lang='lat' dir='ltr'>my</span> <span class='ocrx_word' id='word_1_137' title='bbox 831 1342 964 1417; x_wconf 87' lang='lat' dir='ltr'>cipitante</span> <span class='ocrx_word' id='word_1_138' title='bbox 991 1339 1085 1415; x_wconf 87' lang='lat' dir='ltr'>lingua</span> <span class='ocrx_word' id='word_1_139' title='bbox 1112 1359 1145 1397; x_wconf 80' lang='lat' dir='ltr'>ex</span> <span class='ocrx_word' id='word_1_140' title='bbox 1166 1358 1232 1397; x_wconf 87' lang='lat' dir='ltr'>voce</span> <span class='ocrx_word' id='word_1_141' title='bbox 1252 1359 1327 1418; x_wconf 78' lang='lat' dir='ltr'>secpe</span> <span class='ocrx_word' id='word_1_142' title='bbox 1348 1284 1398 1400; x_wconf 78' lang='lat' dir='ltr'>nii</span> 
     </span>
     <span class='ocr_line' id='line_1_15' title="bbox 138 1394 1447 1494; baseline 0.004 -21"><span class='ocrx_word' id='word_1_143' title='bbox 138 1436 171 1492; x_wconf 80' lang='lat' dir='ltr'>op</span> <span class='ocrx_word' id='word_1_144' title='bbox 202 1417 227 1475; x_wconf 80' lang='lat' dir='ltr'>tt</span> <span class='ocrx_word' id='word_1_145' title='bbox 250 1417 316 1474; x_wconf 78' lang='lat' dir='ltr'>atr-ie</span> <span class='ocrx_word' id='word_1_146' title='bbox 340 1417 420 1485; x_wconf 78' lang='lat' dir='ltr'>line,</span> <span class='ocrx_word' id='word_1_147' title='bbox 447 1421 521 1489; x_wconf 87' lang='lat' dir='ltr'>(cum</span> <span class='ocrx_word' id='word_1_148' title='bbox 550 1437 594 1474; x_wconf 89' lang='lat' dir='ltr'>ure</span> <span class='ocrx_word' id='word_1_149' title='bbox 620 1394 778 1487; x_wconf 75' lang='lat' dir='ltr'>collocanti</span> <span class='ocrx_word' id='word_1_150' title='bbox 831 1420 921 1475; x_wconf 88' lang='lat' dir='ltr'>tinent</span> <span class='ocrx_word' id='word_1_151' title='bbox 943 1416 996 1473; x_wconf 89' lang='lat' dir='ltr'>uisi</span> <span class='ocrx_word' id='word_1_152' title='bbox 1018 1417 1091 1474; x_wconf 84' lang='lat' dir='ltr'>eoois</span> <span class='ocrx_word' id='word_1_153' title='bbox 1111 1415 1248 1493; x_wconf 76' lang='lat' dir='ltr'>syllabam</span> <span class='ocrx_word' id='word_1_154' title='bbox 1269 1418 1447 1494; x_wconf 76' lang='lat' dir='ltr'>praecipuam.</span> 
     </span>
     <span class='ocr_line' id='line_1_16' title="bbox 138 1493 1447 1571; baseline 0.002 -20"><span class='ocrx_word' id='word_1_155' title='bbox 138 1493 165 1551; x_wconf 93' lang='lat' dir='ltr'>in</span> <span class='ocrx_word' id='word_1_156' title='bbox 186 1493 335 1561; x_wconf 76' lang='lat' dir='ltr'>stramine,</span> <span class='ocrx_word' id='word_1_157' title='bbox 355 1493 372 1550; x_wconf 89' lang='lat' dir='ltr'>i.</span> <span class='ocrx_word' id='word_1_158' title='bbox 394 1497 429 1565; x_wconf 82' lang='lat' dir='ltr'>e.)</span> <span class='ocrx_word' id='word_1_159' title='bbox 450 1512 514 1550; x_wconf 89' lang='lat' dir='ltr'>cum</span> <span class='ocrx_word' id='word_1_160' title='bbox 535 1502 660 1551; x_wconf 85' lang='lat' dir='ltr'>mortuus</span> <span class='ocrx_word' id='word_1_161' title='bbox 679 1498 777 1571; x_wconf 66' lang='lat' dir='ltr'>smmi</span> <span class='ocrx_word' id='word_1_162' title='bbox 831 1494 900 1551; x_wconf 92' lang='lat' dir='ltr'>lude</span> <span class='ocrx_word' id='word_1_163' title='bbox 928 1495 959 1550; x_wconf 88' lang='lat' dir='ltr'>tit</span> <span class='ocrx_word' id='word_1_164' title='bbox 978 1493 1054 1569; x_wconf 88' lang='lat' dir='ltr'>quod</span> <span class='ocrx_word' id='word_1_165' title='bbox 1080 1493 1251 1566; x_wconf 65' lang='lat' dir='ltr'>alogiorum,</span> <span class='ocrx_word' id='word_1_166' title='bbox 1279 1493 1447 1565; x_wconf 82' lang='lat' dir='ltr'>Frisiorum,</span> 
     </span>
     <span class='ocr_line' id='line_1_17' title="bbox 136 1568 1448 1645; baseline 0.002 -18"><span class='ocrx_word' id='word_1_167' title='bbox 136 1568 168 1627; x_wconf 87' lang='lat' dir='ltr'>F.</span> <span class='ocrx_word' id='word_1_168' title='bbox 178 1569 203 1627; x_wconf 85' lang='lat' dir='ltr'>b.</span> <span class='ocrx_word' id='word_1_169' title='bbox 224 1570 272 1627; x_wconf 77' lang='lat' dir='ltr'>aleb</span> <span class='ocrx_word' id='word_1_170' title='bbox 290 1574 359 1637; x_wconf 81' lang='lat' dir='ltr'>stre,</span> <span class='ocrx_word' id='word_1_171' title='bbox 383 1569 467 1627; x_wconf 88' lang='lat' dir='ltr'>idem.</span> <span class='ocrx_word' id='word_1_172' title='bbox 486 1602 526 1615; x_wconf 92' lang='lat'>·-</span> <span class='ocrx_word' id='word_1_173' title='bbox 545 1570 611 1627; x_wconf 79' lang='lat' dir='ltr'>Post</span> <span class='ocrx_word' id='word_1_174' title='bbox 631 1576 777 1645; x_wconf 86' lang='lat' dir='ltr'>transpo·l</span> <span class='ocrx_word' id='word_1_175' title='bbox 830 1580 859 1629; x_wconf 89' lang='lat' dir='ltr'>et</span> <span class='ocrx_word' id='word_1_176' title='bbox 885 1569 1122 1628; x_wconf 85' lang='lat' dir='ltr'>Scandinavorum</span> <span class='ocrx_word' id='word_1_177' title='bbox 1148 1575 1231 1626; x_wconf 85' lang='lat' dir='ltr'>rerba</span> <span class='ocrx_word' id='word_1_178' title='bbox 1252 1570 1363 1629; x_wconf 85' lang='lat' dir='ltr'>nautico</span> <span class='ocrx_word' id='word_1_179' title='bbox 1383 1572 1448 1631; x_wconf 88' lang='lat' dir='ltr'>usui</span> 
     </span>
     <span class='ocr_line' id='line_1_18' title="bbox 138 1644 1253 1721; baseline 0.001 -18"><span class='ocrx_word' id='word_1_180' title='bbox 138 1647 222 1703; x_wconf 89' lang='lat' dir='ltr'>situm</span> <span class='ocrx_word' id='word_1_181' title='bbox 263 1644 292 1702; x_wconf 91' lang='lat' dir='ltr'>iu</span> <span class='ocrx_word' id='word_1_182' title='bbox 327 1645 448 1703; x_wconf 90' lang='lat' dir='ltr'>loculum</span> <span class='ocrx_word' id='word_1_183' title='bbox 483 1645 601 1704; x_wconf 85' lang='lat' dir='ltr'>cadaver</span> <span class='ocrx_word' id='word_1_184' title='bbox 633 1648 777 1721; x_wconf 78' lang='lat' dir='ltr'>stramenl</span> <span class='ocrx_word' id='word_1_185' title='bbox 829 1645 935 1705; x_wconf 68' lang='lat' dir='ltr'>crateris</span> <span class='ocrx_word' id='word_1_186' title='bbox 955 1656 1022 1704; x_wconf 88' lang='lat' dir='ltr'>sunt</span> <span class='ocrx_word' id='word_1_187' title='bbox 1042 1646 1253 1704; x_wconf 85' lang='lat' dir='ltr'>commodiores.</span> 
     </span>
    </p>

    <p class='ocr_par' dir='ltr' id='par_1_4' title="bbox 136 1721 1446 1800">
     <span class='ocr_line' id='line_1_19' title="bbox 136 1721 1446 1800; baseline 0.002 -20"><span class='ocrx_word' id='word_1_188' title='bbox 136 1722 268 1797; x_wconf 87' lang='lat' dir='ltr'>colligant</span> <span class='ocrx_word' id='word_1_189' title='bbox 289 1722 316 1779; x_wconf 95' lang='lat' dir='ltr'>in</span> <span class='ocrx_word' id='word_1_190' title='bbox 339 1723 481 1791; x_wconf 79' lang='lat' dir='ltr'>mergitum</span> <span class='ocrx_word' id='word_1_191' title='bbox 509 1724 664 1797; x_wconf 78' lang='lat' dir='ltr'>(til-alens),</span> <span class='ocrx_word' id='word_1_192' title='bbox 691 1744 754 1800; x_wconf 80' lang='lat' dir='ltr'>qum</span> <span class='ocrx_word' id='word_1_193' title='bbox 866 1723 1005 1781; x_wconf 82' lang='lat' dir='ltr'>Joharrsen</span> <span class='ocrx_word' id='word_1_194' title='bbox 1045 1743 1070 1800; x_wconf 89' lang='lat' dir='ltr'>p.</span> <span class='ocrx_word' id='word_1_195' title='bbox 1104 1725 1140 1780; x_wconf 85' lang='grc'>36</span> <span class='ocrx_word' id='word_1_196' title='bbox 1174 1721 1242 1779; x_wconf 88' lang='lat' dir='ltr'>citat</span> <span class='ocrx_word' id='word_1_197' title='bbox 1272 1722 1364 1794; x_wconf 74' lang='lat' dir='ltr'>biart,</span> <span class='ocrx_word' id='word_1_198' title='bbox 1400 1723 1446 1783; x_wconf 88' lang='lat' dir='ltr'>die</span> 
     </span>
    </p>
   </div>
   <div class='ocr_carea' id='block_1_4' title="bbox 1408 1363 1448 1401">
    <p class='ocr_par' dir='ltr' id='par_1_5' title="bbox 1408 1363 1448 1401">
     <span class='ocr_line' id='line_1_20' title="bbox 1408 1363 1448 1401; baseline 0 0"><span class='ocrx_word' id='word_1_199' title='bbox 1408 1363 1448 1401; x_wconf 73' lang='lat' dir='ltr'>fe·</span> 
     </span>
    </p>
   </div>
   <div class='ocr_carea' id='block_1_5' title="bbox 135 1726 1445 2009">
    <p class='ocr_par' dir='ltr' id='par_1_6' title="bbox 135 1726 1445 2009">
     <span class='ocr_line' id='line_1_21' title="bbox 136 1726 1445 1875; baseline 0.002 -19"><span class='ocrx_word' id='word_1_200' title='bbox 136 1799 181 1857; x_wconf 89' lang='lat' dir='ltr'>die</span> <span class='ocrx_word' id='word_1_201' title='bbox 201 1798 381 1875; x_wconf 78' lang='lat' dir='ltr'>exequiarum</span> <span class='ocrx_word' id='word_1_202' title='bbox 401 1799 519 1857; x_wconf 79' lang='lat' dir='ltr'>solvitur</span> <span class='ocrx_word' id='word_1_203' title='bbox 539 1810 567 1857; x_wconf 93' lang='lat' dir='ltr'>et</span> <span class='ocrx_word' id='word_1_204' title='bbox 593 1800 628 1856; x_wconf 91' lang='lat' dir='ltr'>ad</span> <span class='ocrx_word' id='word_1_205' title='bbox 647 1726 776 1873; x_wconf 72' lang='lat' dir='ltr'>atrurn-,i</span> <span class='ocrx_word' id='word_1_206' title='bbox 829 1801 900 1858; x_wconf 85' lang='lat' dir='ltr'>sesto</span> <span class='ocrx_word' id='word_1_207' title='bbox 933 1802 969 1856; x_wconf 69' lang='lat'>8⁸¹</span> <span class='ocrx_word' id='word_1_208' title='bbox 996 1800 1071 1857; x_wconf 91' lang='lat' dir='ltr'>Petri</span> <span class='ocrx_word' id='word_1_209' title='bbox 1105 1801 1155 1873; x_wconf 71' lang='lat'>(22</span> <span class='ocrx_word' id='word_1_210' title='bbox 1185 1798 1277 1872; x_wconf 88' lang='lat' dir='ltr'>Febr.)</span> <span class='ocrx_word' id='word_1_211' title='bbox 1309 1800 1338 1857; x_wconf 88' lang='lat' dir='ltr'>in</span> <span class='ocrx_word' id='word_1_212' title='bbox 1368 1800 1445 1859; x_wconf 88' lang='lat' dir='ltr'>coili-</span> 
     </span>
     <span class='ocr_line' id='line_1_22' title="bbox 135 1874 752 2009; baseline 0.002 -77"><span class='ocrx_word' id='word_1_213' title='bbox 135 1894 190 2009; x_wconf 76' lang='lat' dir='ltr'>gue</span> <span class='ocrx_word' id='word_1_214' title='bbox 211 1876 294 1933; x_wconf 89' lang='lat' dir='ltr'>loculi</span> <span class='ocrx_word' id='word_1_215' title='bbox 315 1874 388 1933; x_wconf 87' lang='lat' dir='ltr'>latus</span> <span class='ocrx_word' id='word_1_216' title='bbox 408 1875 437 1932; x_wconf 89' lang='lat' dir='ltr'>iu</span> <span class='ocrx_word' id='word_1_217' title='bbox 459 1878 561 1933; x_wconf 84' lang='lat' dir='ltr'>feretro</span> <span class='ocrx_word' id='word_1_218' title='bbox 581 1877 752 1952; x_wconf 85' lang='lat' dir='ltr'>dispersum,</span> 
     </span>
    </p>
   </div>
   <div class='ocr_carea' id='block_1_6' title="bbox 828 1875 1447 1950">
    <p class='ocr_par' dir='ltr' id='par_1_7' title="bbox 828 1875 1447 1950">
     <span class='ocr_line' id='line_1_23' title="bbox 828 1875 1447 1950; baseline 0.003 -17"><span class='ocrx_word' id='word_1_219' title='bbox 828 1876 880 1934; x_wconf 88' lang='lat' dir='ltr'>bus</span> <span class='ocrx_word' id='word_1_220' title='bbox 907 1876 1062 1933; x_wconf 89' lang='lat' dir='ltr'>insularum</span> <span class='ocrx_word' id='word_1_221' title='bbox 1094 1894 1208 1950; x_wconf 86' lang='lat' dir='ltr'>magnes</span> <span class='ocrx_word' id='word_1_222' title='bbox 1240 1875 1392 1935; x_wconf 83' lang='lat' dir='ltr'>accendere</span> <span class='ocrx_word' id='word_1_223' title='bbox 1417 1883 1447 1935; x_wconf 88' lang='lat' dir='ltr'>et</span> 
     </span>
    </p>
   </div>
   <div class='ocr_carea' id='block_1_7' title="bbox 156 1951 1445 2028">
    <p class='ocr_par' dir='ltr' id='par_1_8' title="bbox 156 1951 1445 2028">
     <span class='ocr_line' id='line_1_24' title="bbox 156 1951 1445 2028; baseline 0.002 -18"><span class='ocrx_word' id='word_1_224' title='bbox 156 1972 203 2010; x_wconf 89' lang='lat' dir='ltr'>um</span> <span class='ocrx_word' id='word_1_225' title='bbox 231 1952 288 2009; x_wconf 87' lang='lat' dir='ltr'>itur</span> <span class='ocrx_word' id='word_1_226' title='bbox 313 1952 341 2009; x_wconf 91' lang='lat' dir='ltr'>iu</span> <span class='ocrx_word' id='word_1_227' title='bbox 368 1952 562 2026; x_wconf 89' lang='lat' dir='ltr'>sepulchrum,</span> <span class='ocrx_word' id='word_1_228' title='bbox 595 1954 752 2010; x_wconf 86' lang='lat' dir='ltr'>clanculum</span> <span class='ocrx_word' id='word_1_229' title='bbox 827 1954 900 2010; x_wconf 90' lang='lat' dir='ltr'>alere</span> <span class='ocrx_word' id='word_1_230' title='bbox 927 1952 1019 2021; x_wconf 81' lang='lat' dir='ltr'>ignes,</span> <span class='ocrx_word' id='word_1_231' title='bbox 1047 1952 1144 2028; x_wconf 88' lang='lat' dir='ltr'>eisque</span> <span class='ocrx_word' id='word_1_232' title='bbox 1180 1951 1228 2008; x_wconf 90' lang='lat' dir='ltr'>alii</span> <span class='ocrx_word' id='word_1_233' title='bbox 1256 1952 1319 2010; x_wconf 85' lang='lat' dir='ltr'>aliis</span> <span class='ocrx_word' id='word_1_234' title='bbox 1339 1973 1445 2012; x_wconf 90' lang='lat' dir='ltr'>annun·</span> 
     </span>
    </p>
   </div>
   <div class='ocr_carea' id='block_1_8' title="bbox 135 2028 773 2487">
    <p class='ocr_par' dir='ltr' id='par_1_9' title="bbox 135 2028 751 2181">
     <span class='ocr_line' id='line_1_25' title="bbox 135 2028 751 2104; baseline 0.005 -19"><span class='ocrx_word' id='word_1_235' title='bbox 135 2028 284 2103; x_wconf 77' lang='lat' dir='ltr'>surripitur</span> <span class='ocrx_word' id='word_1_236' title='bbox 310 2036 338 2086; x_wconf 84' lang='lat' dir='ltr'>et</span> <span class='ocrx_word' id='word_1_237' title='bbox 365 2047 559 2104; x_wconf 75' lang='lat' dir='ltr'>nonuusquam</span> <span class='ocrx_word' id='word_1_238' title='bbox 587 2029 616 2086; x_wconf 89' lang='lat' dir='ltr'>ia</span> <span class='ocrx_word' id='word_1_239' title='bbox 643 2030 751 2088; x_wconf 88' lang='lat' dir='ltr'>sulcum</span> 
     </span>
     <span class='ocr_line' id='line_1_26' title="bbox 135 2104 617 2181; baseline 0 -19"><span class='ocrx_word' id='word_1_240' title='bbox 135 2106 280 2181; x_wconf 88' lang='lat' dir='ltr'>aquarium</span> <span class='ocrx_word' id='word_1_241' title='bbox 304 2104 440 2178; x_wconf 87' lang='lat' dir='ltr'>abjicitur.</span> <span class='ocrx_word' id='word_1_242' title='bbox 469 2106 532 2162; x_wconf 83' lang='lat' dir='ltr'>loir.</span> <span class='ocrx_word' id='word_1_243' title='bbox 557 2106 617 2164; x_wconf 81' lang='lat' dir='ltr'>tlt.</span> 
     </span>
    </p>

    <p class='ocr_par' dir='ltr' id='par_1_10' title="bbox 135 2180 773 2487">
     <span class='ocr_line' id='line_1_27' title="bbox 173 2180 773 2241; baseline 0.002 -2"><span class='ocrx_word' id='word_1_244' title='bbox 173 2182 250 2239; x_wconf 87' lang='lat' dir='ltr'>luter</span> <span class='ocrx_word' id='word_1_245' title='bbox 276 2180 379 2239; x_wconf 84' lang='lat' dir='ltr'>Frisios</span> <span class='ocrx_word' id='word_1_246' title='bbox 406 2182 531 2239; x_wconf 84' lang='lat' dir='ltr'>boreales</span> <span class='ocrx_word' id='word_1_247' title='bbox 554 2194 684 2239; x_wconf 81' lang='lat' dir='ltr'>catorum</span> <span class='ocrx_word' id='word_1_248' title='bbox 706 2204 773 2241; x_wconf 53' lang='lat' dir='ltr'>aa«</span> 
     </span>
     <span class='ocr_line' id='line_1_28' title="bbox 135 2257 751 2334; baseline -0.002 -18"><span class='ocrx_word' id='word_1_249' title='bbox 135 2257 197 2316; x_wconf 88' lang='lat' dir='ltr'>deur</span> <span class='ocrx_word' id='word_1_250' title='bbox 219 2258 255 2315; x_wconf 94' lang='lat' dir='ltr'>de</span> <span class='ocrx_word' id='word_1_251' title='bbox 275 2258 453 2333; x_wconf 82' lang='lat' dir='ltr'>exequiarum</span> <span class='ocrx_word' id='word_1_252' title='bbox 478 2259 668 2333; x_wconf 77' lang='lat' dir='ltr'>phantasmate</span> <span class='ocrx_word' id='word_1_253' title='bbox 692 2280 751 2334; x_wconf 85' lang='lat' dir='ltr'>reg·</span> 
     </span>
     <span class='ocr_line' id='line_1_29' title="bbox 136 2334 749 2410; baseline 0.003 -19"><span class='ocrx_word' id='word_1_254' title='bbox 136 2334 220 2392; x_wconf 89' lang='lat' dir='ltr'>nabat</span> <span class='ocrx_word' id='word_1_255' title='bbox 239 2335 402 2410; x_wconf 71' lang='lat' dir='ltr'>superstitio</span> <span class='ocrx_word' id='word_1_256' title='bbox 444 2354 487 2390; x_wconf 79' lang='lat' dir='ltr'>aar</span> <span class='ocrx_word' id='word_1_257' title='bbox 511 2335 586 2409; x_wconf 87' lang='lat' dir='ltr'>apud</span> <span class='ocrx_word' id='word_1_258' title='bbox 603 2344 749 2404; x_wconf 73' lang='lat' dir='ltr'>nostrates,</span> 
     </span>
     <span class='ocr_line' id='line_1_30' title="bbox 135 2354 749 2487; baseline 0.005 -21"><span class='ocrx_word' id='word_1_259' title='bbox 135 2429 275 2487; x_wconf 87' lang='lat' dir='ltr'>quamque</span> <span class='ocrx_word' id='word_1_260' title='bbox 302 2410 329 2467; x_wconf 92' lang='lat' dir='ltr'>hi</span> <span class='ocrx_word' id='word_1_261' title='bbox 356 2354 536 2486; x_wconf 78' lang='lat' dir='ltr'>appeilabant</span> <span class='ocrx_word' id='word_1_262' title='bbox 555 2412 684 2486; x_wconf 73' lang='lat' dir='ltr'>hiponpel,</span> <span class='ocrx_word' id='word_1_263' title='bbox 708 2412 749 2469; x_wconf 90' lang='lat' dir='ltr'>illi</span> 
     </span>
    </p>
   </div>
   <div class='ocr_carea' id='block_1_9' title="bbox 825 2028 1443 2488">
    <p class='ocr_par' dir='ltr' id='par_1_11' title="bbox 825 2028 1443 2488">
     <span class='ocr_line' id='line_1_31' title="bbox 826 2028 1442 2096; baseline 0.005 -11"><span class='ocrx_word' id='word_1_264' title='bbox 826 2028 895 2087; x_wconf 89' lang='lat' dir='ltr'>tiare</span> <span class='ocrx_word' id='word_1_265' title='bbox 922 2030 1053 2096; x_wconf 88' lang='lat' dir='ltr'>salutern,</span> <span class='ocrx_word' id='word_1_266' title='bbox 1078 2040 1110 2085; x_wconf 88' lang='lat' dir='ltr'>ut</span> <span class='ocrx_word' id='word_1_267' title='bbox 1130 2028 1267 2086; x_wconf 86' lang='lat' dir='ltr'>variarum</span> <span class='ocrx_word' id='word_1_268' title='bbox 1288 2029 1442 2088; x_wconf 89' lang='lat' dir='ltr'>insularum</span> 
     </span>
     <span class='ocr_line' id='line_1_32' title="bbox 826 2105 1443 2175; baseline 0.002 -12"><span class='ocrx_word' id='word_1_269' title='bbox 826 2105 925 2164; x_wconf 80' lang='lat' dir='ltr'>incolrc</span> <span class='ocrx_word' id='word_1_270' title='bbox 961 2105 1013 2162; x_wconf 88' lang='lat' dir='ltr'>sibi</span> <span class='ocrx_word' id='word_1_271' title='bbox 1040 2105 1158 2162; x_wconf 85' lang='lat' dir='ltr'>invicem</span> <span class='ocrx_word' id='word_1_272' title='bbox 1188 2105 1287 2163; x_wconf 88' lang='lat' dir='ltr'>solent.</span> <span class='ocrx_word' id='word_1_273' title='bbox 1328 2105 1443 2175; x_wconf 81' lang='lat' dir='ltr'>(Confer</span> 
     </span>
     <span class='ocr_line' id='line_1_33' title="bbox 826 2181 1443 2259; baseline 0.002 -20"><span class='ocrx_word' id='word_1_274' title='bbox 826 2183 890 2241; x_wconf 92' lang='lat' dir='ltr'>F.b.</span> <span class='ocrx_word' id='word_1_275' title='bbox 911 2183 996 2249; x_wconf 76' lang='lat' dir='ltr'>dilen,</span> <span class='ocrx_word' id='word_1_276' title='bbox 1019 2186 1087 2256; x_wconf 77' lang='lat' dir='ltr'>:ing</span> <span class='ocrx_word' id='word_1_277' title='bbox 1101 2182 1209 2248; x_wconf 74' lang='lat' dir='ltr'>daneon,</span> <span class='ocrx_word' id='word_1_278' title='bbox 1230 2181 1306 2259; x_wconf 89' lang='lat' dir='ltr'>qnod</span> <span class='ocrx_word' id='word_1_279' title='bbox 1324 2183 1443 2241; x_wconf 79' lang='lat' dir='ltr'>efferunt</span> 
     </span>
     <span class='ocr_line' id='line_1_34' title="bbox 825 2256 1443 2334; baseline 0.003 -20"><span class='ocrx_word' id='word_1_280' title='bbox 825 2260 925 2327; x_wconf 62' lang='lat' dir='ltr'>bilem,</span> <span class='ocrx_word' id='word_1_281' title='bbox 954 2259 998 2316; x_wconf 85' lang='lat' dir='ltr'>tric</span> <span class='ocrx_word' id='word_1_282' title='bbox 1020 2278 1045 2334; x_wconf 94' lang='lat' dir='ltr'>p.</span> <span class='ocrx_word' id='word_1_283' title='bbox 1067 2261 1142 2329; x_wconf 66' lang='lat'>200.)</span> <span class='ocrx_word' id='word_1_284' title='bbox 1180 2256 1265 2315; x_wconf 92' lang='lat' dir='ltr'>Porro</span> <span class='ocrx_word' id='word_1_285' title='bbox 1285 2278 1309 2333; x_wconf 90' lang='lat' dir='ltr'>p.</span> <span class='ocrx_word' id='word_1_286' title='bbox 1331 2258 1366 2318; x_wconf 83' lang='lat' dir='ltr'>3l</span> <span class='ocrx_word' id='word_1_287' title='bbox 1388 2268 1443 2317; x_wconf 90' lang='lat' dir='ltr'>ter·</span> 
     </span>
     <span class='ocr_line' id='line_1_35' title="bbox 825 2334 1441 2410; baseline 0 -18"><span class='ocrx_word' id='word_1_288' title='bbox 825 2336 976 2392; x_wconf 87' lang='lat' dir='ltr'>minatione</span> <span class='ocrx_word' id='word_1_289' title='bbox 1007 2342 1064 2391; x_wconf 86' lang='lat' dir='ltr'>tota</span> <span class='ocrx_word' id='word_1_290' title='bbox 1097 2334 1203 2409; x_wconf 89' lang='lat' dir='ltr'>abjecta</span> <span class='ocrx_word' id='word_1_291' title='bbox 1232 2335 1305 2402; x_wconf 78' lang='lat' dir='ltr'>bier,</span> <span class='ocrx_word' id='word_1_292' title='bbox 1340 2354 1441 2410; x_wconf 82' lang='lat' dir='ltr'>magno</span> 
     </span>
     <span class='ocr_line' id='line_1_36' title="bbox 825 2409 1440 2488; baseline 0 -19"><span class='ocrx_word' id='word_1_293' title='bbox 825 2413 900 2469; x_wconf 89' lang='lat' dir='ltr'>hiatu</span> <span class='ocrx_word' id='word_1_294' title='bbox 920 2409 1036 2483; x_wconf 84' lang='lat' dir='ltr'>ejulare,</span> <span class='ocrx_word' id='word_1_295' title='bbox 1054 2411 1170 2484; x_wconf 88' lang='lat' dir='ltr'>jactare,</span> <span class='ocrx_word' id='word_1_296' title='bbox 1190 2410 1266 2467; x_wconf 90' lang='lat' dir='ltr'>idem</span> <span class='ocrx_word' id='word_1_297' title='bbox 1285 2410 1363 2488; x_wconf 93' lang='lat' dir='ltr'>quod</span> <span class='ocrx_word' id='word_1_298' title='bbox 1377 2430 1440 2469; x_wconf 89' lang='lat' dir='ltr'>nos·</span> 
     </span>
    </p>
   </div>
   <div class='ocr_carea' id='block_1_10' title="bbox 134 2486 1076 2562">
    <p class='ocr_par' dir='ltr' id='par_1_12' title="bbox 134 2486 1076 2562">
     <span class='ocr_line' id='line_1_37' title="bbox 134 2486 1076 2562; baseline 0.001 -19"><span class='ocrx_word' id='word_1_299' title='bbox 134 2488 258 2559; x_wconf 78' lang='lat' dir='ltr'>liksjune3</span> <span class='ocrx_word' id='word_1_300' title='bbox 277 2486 337 2546; x_wconf 86' lang='lat' dir='ltr'>Joh.</span> <span class='ocrx_word' id='word_1_301' title='bbox 363 2486 429 2546; x_wconf 83' lang='lat' dir='ltr'>lll:</span> <span class='ocrx_word' id='word_1_302' title='bbox 449 2506 535 2562; x_wconf 91' lang='lat' dir='ltr'>supra</span> <span class='ocrx_word' id='word_1_303' title='bbox 551 2508 567 2561; x_wconf 87' lang='grc' dir='ltr'>ρ</span> <span class='ocrx_word' id='word_1_304' title='bbox 592 2492 654 2545; x_wconf 72' lang='lat' dir='ltr'>uun.</span> <span class='ocrx_word' id='word_1_305' title='bbox 678 2493 771 2546; x_wconf 75' lang='lat' dir='ltr'>santi</span> <span class='ocrx_word' id='word_1_306' title='bbox 825 2496 899 2545; x_wconf 88' lang='lat' dir='ltr'>trum</span> <span class='ocrx_word' id='word_1_307' title='bbox 919 2489 987 2552; x_wconf 83' lang='lat' dir='ltr'>dere,</span> <span class='ocrx_word' id='word_1_308' title='bbox 1013 2489 1076 2544; x_wconf 80' lang='lat'>223.</span> 
     </span>
    </p>
   </div>
   <div class='ocr_carea' id='block_1_11' title="bbox 126 2548 1441 4859">
    <p class='ocr_par' dir='ltr' id='par_1_13' title="bbox 126 2548 1441 4859">
     <span class='ocr_line' id='line_1_38' title="bbox 133 2548 1441 2641; baseline 0.002 -22"><span class='ocrx_word' id='word_1_309' title='bbox 133 2564 247 2641; x_wconf 90' lang='lat' dir='ltr'>quidam</span> <span class='ocrx_word' id='word_1_310' title='bbox 282 2564 417 2631; x_wconf 84' lang='lat' dir='ltr'>homines,</span> <span class='ocrx_word' id='word_1_311' title='bbox 454 2583 573 2639; x_wconf 89' lang='lat' dir='ltr'>qnorum</span> <span class='ocrx_word' id='word_1_312' title='bbox 603 2578 687 2640; x_wconf 87' lang='lat' dir='ltr'>eaput</span> <span class='ocrx_word' id='word_1_313' title='bbox 720 2566 747 2622; x_wconf 89' lang='lat' dir='ltr'>ia</span> <span class='ocrx_word' id='word_1_314' title='bbox 768 2548 932 2637; x_wconf 77' lang='lat' dir='ltr'>lulltlnu,</span> <span class='ocrx_word' id='word_1_315' title='bbox 961 2565 1035 2622; x_wconf 76' lang='lat' dir='ltr'>aba.</span> <span class='ocrx_word' id='word_1_316' title='bbox 1066 2565 1110 2619; x_wconf 78' lang='lat' dir='ltr'>len</span> <span class='ocrx_word' id='word_1_317' title='bbox 1135 2564 1231 2637; x_wconf 70' lang='lat' dir='ltr'>lyncei·</span> <span class='ocrx_word' id='word_1_318' title='bbox 1256 2561 1358 2634; x_wconf 73' lang='lat' dir='ltr'>bleida,</span> <span class='ocrx_word' id='word_1_319' title='bbox 1390 2564 1441 2622; x_wconf 89' lang='lat' dir='ltr'>fiu-</span> 
     </span>
     <span class='ocr_line' id='line_1_39' title="bbox 135 2639 1440 2717; baseline 0.002 -22"><span class='ocrx_word' id='word_1_320' title='bbox 135 2648 215 2717; x_wconf 91' lang='lat' dir='ltr'>partu</span> <span class='ocrx_word' id='word_1_321' title='bbox 237 2641 368 2716; x_wconf 87' lang='lat' dir='ltr'>pelliculo</span> <span class='ocrx_word' id='word_1_322' title='bbox 389 2650 445 2696; x_wconf 91' lang='lat' dir='ltr'>erat</span> <span class='ocrx_word' id='word_1_323' title='bbox 469 2652 571 2696; x_wconf 90' lang='lat' dir='ltr'>tectum</span> <span class='ocrx_word' id='word_1_324' title='bbox 592 2641 634 2711; x_wconf 87' lang='lat' dir='ltr'>(F.</span> <span class='ocrx_word' id='word_1_325' title='bbox 644 2642 668 2697; x_wconf 84' lang='lat' dir='ltr'>b.</span> <span class='ocrx_word' id='word_1_326' title='bbox 683 2642 748 2699; x_wconf 85' lang='lat' dir='ltr'>nre’n</span> <span class='ocrx_word' id='word_1_327' title='bbox 767 2650 770 2695; x_wconf 87' lang='lat' dir='ltr'>i</span> <span class='ocrx_word' id='word_1_328' title='bbox 823 2662 887 2717; x_wconf 88' lang='lat' dir='ltr'>gere</span> <span class='ocrx_word' id='word_1_329' title='bbox 908 2660 1019 2716; x_wconf 86' lang='lat' dir='ltr'>equam.</span> <span class='ocrx_word' id='word_1_330' title='bbox 1050 2640 1097 2697; x_wconf 80' lang='lat' dir='ltr'>Ira</span> <span class='ocrx_word' id='word_1_331' title='bbox 1116 2639 1344 2715; x_wconf 62' lang='lat' dir='ltr'>diedlersllynser.</span> <span class='ocrx_word' id='word_1_332' title='bbox 1369 2643 1411 2698; x_wconf 81' lang='lat' dir='ltr'>An</span> <span class='ocrx_word' id='word_1_333' title='bbox 1433 2684 1440 2698; x_wconf 93' lang='lat'>.</span> 
     </span>
     <span class='ocr_line' id='line_1_40' title="bbox 132 2661 1439 2792; baseline -0.001 -18"><span class='ocrx_word' id='word_1_334' title='bbox 132 2716 194 2789; x_wconf 72' lang='lat' dir='ltr'>tatj</span> <span class='ocrx_word' id='word_1_335' title='bbox 209 2717 281 2774; x_wconf 81' lang='lat' dir='ltr'>aur&#39;t</span> <span class='ocrx_word' id='word_1_336' title='bbox 299 2716 380 2784; x_wconf 78' lang='lat' dir='ltr'>daed,</span> <span class='ocrx_word' id='word_1_337' title='bbox 403 2716 747 2787; x_wconf 57' lang='lat' dir='ltr'>maurianensem)</span> <span class='ocrx_word' id='word_1_338' title='bbox 822 2718 968 2774; x_wconf 85' lang='lat' dir='ltr'>adressed</span> <span class='ocrx_word' id='word_1_339' title='bbox 997 2718 1087 2774; x_wconf 81' lang='lat' dir='ltr'>horse.</span> <span class='ocrx_word' id='word_1_340' title='bbox 1126 2717 1153 2773; x_wconf 80' lang='lat' dir='ltr'>It</span> <span class='ocrx_word' id='word_1_341' title='bbox 1172 2717 1269 2791; x_wconf 71' lang='lat' dir='ltr'>legerer</span> <span class='ocrx_word' id='word_1_342' title='bbox 1287 2719 1312 2773; x_wconf 83' lang='lat' dir='ltr'>s&#39;s</span> <span class='ocrx_word' id='word_1_343' title='bbox 1327 2736 1366 2792; x_wconf 77' lang='lat' dir='ltr'>ys</span> <span class='ocrx_word' id='word_1_344' title='bbox 1385 2661 1439 2773; x_wconf 47' lang='lat' dir='ltr'>etz</span> 
     </span>
     <span class='ocr_line' id='line_1_41' title="bbox 134 2791 1439 2867; baseline -0.002 -17"><span class='ocrx_word' id='word_1_345' title='bbox 134 2806 162 2850; x_wconf 87' lang='lat' dir='ltr'>et</span> <span class='ocrx_word' id='word_1_346' title='bbox 183 2792 224 2850; x_wconf 81' lang='lat' dir='ltr'>iris</span> <span class='ocrx_word' id='word_1_347' title='bbox 244 2794 311 2850; x_wconf 88' lang='lat' dir='ltr'>solis</span> <span class='ocrx_word' id='word_1_348' title='bbox 333 2803 363 2849; x_wconf 90' lang='lat' dir='ltr'>at</span> <span class='ocrx_word' id='word_1_349' title='bbox 384 2793 476 2848; x_wconf 86' lang='lat' dir='ltr'>t&#39;aasto</span> <span class='ocrx_word' id='word_1_350' title='bbox 496 2793 588 2849; x_wconf 90' lang='lat' dir='ltr'>omine</span> <span class='ocrx_word' id='word_1_351' title='bbox 610 2794 681 2851; x_wconf 89' lang='lat' dir='ltr'>natis</span> <span class='ocrx_word' id='word_1_352' title='bbox 702 2795 769 2861; x_wconf 67' lang='lat' dir='ltr'>dre,</span> <span class='ocrx_word' id='word_1_353' title='bbox 822 2795 883 2851; x_wconf 78' lang='lat' dir='ltr'>laed</span> <span class='ocrx_word' id='word_1_354' title='bbox 918 2794 1035 2860; x_wconf 81' lang='lat' dir='ltr'>diridea,</span> <span class='ocrx_word' id='word_1_355' title='bbox 1072 2810 1160 2867; x_wconf 87' lang='lat' dir='ltr'>equus</span> <span class='ocrx_word' id='word_1_356' title='bbox 1198 2791 1274 2848; x_wconf 78' lang='lat' dir='ltr'>ouini</span> <span class='ocrx_word' id='word_1_357' title='bbox 1312 2792 1439 2851; x_wconf 86' lang='lat' dir='ltr'>vehiculo</span> 
     </span>
     <span class='ocr_line' id='line_1_42' title="bbox 132 2866 1439 2946; baseline 0.001 -21"><span class='ocrx_word' id='word_1_358' title='bbox 132 2874 192 2925; x_wconf 93' lang='lat' dir='ltr'>tum</span> <span class='ocrx_word' id='word_1_359' title='bbox 219 2869 369 2926; x_wconf 84' lang='lat' dir='ltr'>credebant</span> <span class='ocrx_word' id='word_1_360' title='bbox 390 2868 441 2924; x_wconf 88' lang='lat' dir='ltr'>ista</span> <span class='ocrx_word' id='word_1_361' title='bbox 459 2871 638 2945; x_wconf 75' lang='lat' dir='ltr'>exequiarum</span> <span class='ocrx_word' id='word_1_362' title='bbox 662 2866 769 2946; x_wconf 61' lang='lat' dir='ltr'>pirna-ff</span> <span class='ocrx_word' id='word_1_363' title='bbox 822 2879 955 2927; x_wconf 85' lang='lat' dir='ltr'>assuetus.</span> <span class='ocrx_word' id='word_1_364' title='bbox 986 2870 1023 2927; x_wconf 84' lang='lat' dir='ltr'>Di</span> <span class='ocrx_word' id='word_1_365' title='bbox 1043 2866 1203 2937; x_wconf 79' lang='lat' dir='ltr'>roeibirr‘de,</span> <span class='ocrx_word' id='word_1_366' title='bbox 1225 2867 1297 2925; x_wconf 87' lang='lat' dir='ltr'>viam</span> <span class='ocrx_word' id='word_1_367' title='bbox 1311 2888 1439 2944; x_wconf 88' lang='lat' dir='ltr'>asperam</span> 
     </span>
     <span class='ocr_line' id='line_1_43' title="bbox 133 2943 1438 3022; baseline 0 -19"><span class='ocrx_word' id='word_1_368' title='bbox 133 2952 248 3003; x_wconf 60' lang='lat' dir='ltr'>hamata</span> <span class='ocrx_word' id='word_1_369' title='bbox 282 2945 384 3002; x_wconf 82' lang='lat' dir='ltr'>cidere.</span> <span class='ocrx_word' id='word_1_370' title='bbox 432 2944 534 3001; x_wconf 81' lang='lat' dir='ltr'>Vident</span> <span class='ocrx_word' id='word_1_371' title='bbox 567 2948 768 3022; x_wconf 70' lang='lat' dir='ltr'>oraminum*</span> <span class='ocrx_word' id='word_1_372' title='bbox 821 2946 978 3017; x_wconf 82' lang='lat' dir='ltr'>argillosam</span> <span class='ocrx_word' id='word_1_373' title='bbox 1006 2964 1090 3003; x_wconf 86' lang='lat' dir='ltr'>carru</span> <span class='ocrx_word' id='word_1_374' title='bbox 1116 2943 1238 3001; x_wconf 86' lang='lat' dir='ltr'>transire</span> <span class='ocrx_word' id='word_1_375' title='bbox 1262 2952 1291 3001; x_wconf 87' lang='lat' dir='ltr'>et</span> <span class='ocrx_word' id='word_1_376' title='bbox 1311 2944 1438 3021; x_wconf 77' lang='lat' dir='ltr'>planare3</span> 
     </span>
     <span class='ocr_line' id='line_1_44' title="bbox 132 3020 1439 3097; baseline -0.001 -17"><span class='ocrx_word' id='word_1_377' title='bbox 132 3024 294 3080; x_wconf 89' lang='lat' dir='ltr'>comitatum</span> <span class='ocrx_word' id='word_1_378' title='bbox 315 3040 349 3079; x_wconf 84' lang='lat' dir='ltr'>ex</span> <span class='ocrx_word' id='word_1_379' title='bbox 362 3021 445 3077; x_wconf 90' lang='lat' dir='ltr'>domo</span> <span class='ocrx_word' id='word_1_380' title='bbox 459 3021 579 3097; x_wconf 89' lang='lat' dir='ltr'>quadam</span> <span class='ocrx_word' id='word_1_381' title='bbox 596 3024 746 3097; x_wconf 75' lang='lat' dir='ltr'>proceriore</span> <span class='ocrx_word' id='word_1_382' title='bbox 821 3023 861 3079; x_wconf 83' lang='lat' dir='ltr'>s&#39;ea</span> <span class='ocrx_word' id='word_1_383' title='bbox 882 3022 985 3079; x_wconf 66' lang='lat' dir='ltr'>deridere</span> <span class='ocrx_word' id='word_1_384' title='bbox 1006 3022 1066 3089; x_wconf 74' lang='lat' dir='ltr'>roei,</span> <span class='ocrx_word' id='word_1_385' title='bbox 1088 3020 1200 3078; x_wconf 90' lang='lat' dir='ltr'>tritaet</span> <span class='ocrx_word' id='word_1_386' title='bbox 1221 3033 1315 3097; x_wconf 89' lang='lat' dir='ltr'>parata</span> <span class='ocrx_word' id='word_1_387' title='bbox 1335 3023 1386 3080; x_wconf 87' lang='lat' dir='ltr'>via.</span> <span class='ocrx_word' id='word_1_388' title='bbox 1399 3054 1439 3069; x_wconf 92' lang='lat'><em>-</em></span> 
     </span>
     <span class='ocr_line' id='line_1_45' title="bbox 132 3096 1437 3175; baseline 0 -19"><span class='ocrx_word' id='word_1_389' title='bbox 132 3106 161 3156; x_wconf 87' lang='lat' dir='ltr'>et</span> <span class='ocrx_word' id='word_1_390' title='bbox 198 3118 313 3175; x_wconf 77' lang='lat' dir='ltr'>pergere</span> <span class='ocrx_word' id='word_1_391' title='bbox 353 3117 442 3173; x_wconf 83' lang='lat' dir='ltr'>usque</span> <span class='ocrx_word' id='word_1_392' title='bbox 481 3098 515 3155; x_wconf 92' lang='lat' dir='ltr'>ad</span> <span class='ocrx_word' id='word_1_393' title='bbox 552 3101 767 3174; x_wconf 75' lang='lat' dir='ltr'>sepulclrrum,3</span> <span class='ocrx_word' id='word_1_394' title='bbox 819 3101 848 3156; x_wconf 78' lang='lat' dir='ltr'>rt</span> <span class='ocrx_word' id='word_1_395' title='bbox 876 3099 922 3156; x_wconf 73' lang='lat' dir='ltr'>tae</span> <span class='ocrx_word' id='word_1_396' title='bbox 952 3100 1002 3155; x_wconf 77' lang='lat' dir='ltr'>mei</span> <span class='ocrx_word' id='word_1_397' title='bbox 1031 3096 1138 3154; x_wconf 80' lang='lat' dir='ltr'>arodder</span> <span class='ocrx_word' id='word_1_398' title='bbox 1168 3096 1270 3168; x_wconf 71' lang='lat' dir='ltr'>stricte,</span> <span class='ocrx_word' id='word_1_399' title='bbox 1306 3118 1437 3175; x_wconf 84' lang='lat' dir='ltr'>spargere</span> 
     </span>
     <span class='ocr_line' id='line_1_46' title="bbox 132 3173 1438 3252; baseline -0.001 -19"><span class='ocrx_word' id='word_1_400' title='bbox 132 3190 208 3233; x_wconf 80' lang='lat' dir='ltr'>certo</span> <span class='ocrx_word' id='word_1_401' title='bbox 229 3175 263 3232; x_wconf 83' lang='lat' dir='ltr'>iis</span> <span class='ocrx_word' id='word_1_402' title='bbox 277 3174 370 3232; x_wconf 90' lang='lat' dir='ltr'>omine</span> <span class='ocrx_word' id='word_1_403' title='bbox 385 3173 564 3231; x_wconf 75' lang='lat' dir='ltr'>habitatorem</span> <span class='ocrx_word' id='word_1_404' title='bbox 580 3176 657 3233; x_wconf 83' lang='lat' dir='ltr'>breti</span> <span class='ocrx_word' id='word_1_405' title='bbox 671 3177 745 3234; x_wconf 89' lang='lat' dir='ltr'>diem</span> <span class='ocrx_word' id='word_1_406' title='bbox 819 3182 921 3233; x_wconf 90' lang='lat' dir='ltr'>terram</span> <span class='ocrx_word' id='word_1_407' title='bbox 950 3175 1067 3233; x_wconf 81' lang='lat' dir='ltr'>fertilem</span> <span class='ocrx_word' id='word_1_408' title='bbox 1090 3174 1251 3249; x_wconf 80' lang='lat' dir='ltr'>argillosam</span> <span class='ocrx_word' id='word_1_409' title='bbox 1272 3194 1355 3250; x_wconf 90' lang='lat' dir='ltr'>super</span> <span class='ocrx_word' id='word_1_410' title='bbox 1375 3195 1438 3252; x_wconf 87' lang='lat' dir='ltr'>pas·</span> 
     </span>
     <span class='ocr_line' id='line_1_47' title="bbox 131 3250 1436 3328; baseline 0 -19"><span class='ocrx_word' id='word_1_411' title='bbox 131 3270 163 3309; x_wconf 90' lang='lat' dir='ltr'>su</span> <span class='ocrx_word' id='word_1_412' title='bbox 187 3270 290 3309; x_wconf 89' lang='lat' dir='ltr'>remum</span> <span class='ocrx_word' id='word_1_413' title='bbox 319 3270 380 3309; x_wconf 88' lang='lat' dir='ltr'>esse</span> <span class='ocrx_word' id='word_1_414' title='bbox 405 3250 555 3308; x_wconf 85' lang='lat' dir='ltr'>obiturum.</span> <span class='ocrx_word' id='word_1_415' title='bbox 819 3271 884 3320; x_wconf 86' lang='lat' dir='ltr'>cua,</span> <span class='ocrx_word' id='word_1_416' title='bbox 905 3252 980 3328; x_wconf 90' lang='lat' dir='ltr'>quod</span> <span class='ocrx_word' id='word_1_417' title='bbox 1002 3253 1031 3309; x_wconf 86' lang='lat' dir='ltr'>fit</span> <span class='ocrx_word' id='word_1_418' title='bbox 1053 3255 1178 3327; x_wconf 77' lang='lat' dir='ltr'>plaustro</span> <span class='ocrx_word' id='word_1_419' title='bbox 1200 3251 1273 3308; x_wconf 93' lang='lat' dir='ltr'>uude</span> <span class='ocrx_word' id='word_1_420' title='bbox 1294 3251 1348 3309; x_wconf 88' lang='lat' dir='ltr'>huc</span> <span class='ocrx_word' id='word_1_421' title='bbox 1369 3252 1436 3309; x_wconf 89' lang='lat' dir='ltr'>illue</span> 
     </span>
     <span class='ocr_line' id='line_1_48' title="bbox 168 3272 1439 3403; baseline 0 -18"><span class='ocrx_word' id='word_1_422' title='bbox 168 3272 339 3385; x_wconf 69' lang='lat' dir='ltr'>Pscrrninatio</span> <span class='ocrx_word' id='word_1_423' title='bbox 369 3328 417 3383; x_wconf 84' lang='lat' dir='ltr'>ini.</span> <span class='ocrx_word' id='word_1_424' title='bbox 450 3325 511 3383; x_wconf 80' lang='lat' dir='ltr'>Fb.</span> <span class='ocrx_word' id='word_1_425' title='bbox 538 3328 549 3384; x_wconf 81' lang='grc' dir='ltr'><strong><em>ἱ</em></strong></span> <span class='ocrx_word' id='word_1_426' title='bbox 577 3329 604 3385; x_wconf 89' lang='lat' dir='ltr'>ia</span> <span class='ocrx_word' id='word_1_427' title='bbox 631 3322 766 3386; x_wconf 79' lang='lat' dir='ltr'>direeroli&#39;</span> <span class='ocrx_word' id='word_1_428' title='bbox 819 3329 939 3386; x_wconf 85' lang='lat' dir='ltr'>acerraii</span> <span class='ocrx_word' id='word_1_429' title='bbox 966 3328 1134 3403; x_wconf 90' lang='lat' dir='ltr'>dejiciuntur</span> <span class='ocrx_word' id='word_1_430' title='bbox 1154 3328 1219 3400; x_wconf 76' lang='lat' dir='ltr'>Aga.</span> <span class='ocrx_word' id='word_1_431' title='bbox 1240 3326 1360 3393; x_wconf 80' lang='lat' dir='ltr'>derides,</span> <span class='ocrx_word' id='word_1_432' title='bbox 1387 3328 1439 3385; x_wconf 92' lang='lat' dir='ltr'>cir·</span> 
     </span>
     <span class='ocr_line' id='line_1_49' title="bbox 131 3402 1434 3481; baseline -0.002 -19"><span class='ocrx_word' id='word_1_433' title='bbox 131 3402 223 3463; x_wconf 89' lang='lat' dir='ltr'>locum</span> <span class='ocrx_word' id='word_1_434' title='bbox 251 3414 326 3462; x_wconf 91' lang='lat' dir='ltr'>tenet</span> <span class='ocrx_word' id='word_1_435' title='bbox 346 3402 408 3461; x_wconf 70' lang='lat' dir='ltr'>Re.</span> <span class='ocrx_word' id='word_1_436' title='bbox 429 3403 457 3459; x_wconf 86' lang='lat' dir='ltr'>in</span> <span class='ocrx_word' id='word_1_437' title='bbox 477 3414 505 3459; x_wconf 91' lang='lat' dir='ltr'>et</span> <span class='ocrx_word' id='word_1_438' title='bbox 525 3402 554 3460; x_wconf 89' lang='lat' dir='ltr'>F.</span> <span class='ocrx_word' id='word_1_439' title='bbox 568 3406 616 3479; x_wconf 84' lang='lat' dir='ltr'>je,·</span> <span class='ocrx_word' id='word_1_440' title='bbox 643 3424 676 3463; x_wconf 82' lang='lat' dir='ltr'>ex</span> <span class='ocrx_word' id='word_1_441' title='bbox 705 3424 766 3469; x_wconf 69' lang='lat' dir='ltr'>gar</span> <span class='ocrx_word' id='word_1_442' title='bbox 818 3406 945 3463; x_wconf 87' lang='lat' dir='ltr'>curnvelri</span> <span class='ocrx_word' id='word_1_443' title='bbox 965 3425 1037 3481; x_wconf 90' lang='lat' dir='ltr'>eqao</span> <span class='ocrx_word' id='word_1_444' title='bbox 1087 3403 1131 3460; x_wconf 91' lang='lat' dir='ltr'>Nl.</span> <span class='ocrx_word' id='word_1_445' title='bbox 1153 3403 1282 3476; x_wconf 66' lang='lat' dir='ltr'>derijdem</span> <span class='ocrx_word' id='word_1_446' title='bbox 1312 3403 1434 3480; x_wconf 86' lang='lat' dir='ltr'>perequi-</span> 
     </span>
     <span class='ocr_line' id='line_1_50' title="bbox 131 3472 1381 3557; baseline -0.001 -19"><span class='ocrx_word' id='word_1_447' title='bbox 131 3480 190 3550; x_wconf 64' lang='grc' dir='ltr'><strong>ὅσι’,</strong></span> <span class='ocrx_word' id='word_1_448' title='bbox 227 3481 360 3557; x_wconf 89' lang='lat' dir='ltr'>implere;</span> <span class='ocrx_word' id='word_1_449' title='bbox 393 3480 553 3549; x_wconf 70' lang='lat' dir='ltr'>uns-learnt,</span> <span class='ocrx_word' id='word_1_450' title='bbox 587 3501 647 3538; x_wconf 87' lang='lat' dir='ltr'>sese</span> <span class='ocrx_word' id='word_1_451' title='bbox 680 3472 766 3541; x_wconf 79' lang='lat' dir='ltr'>conl</span> <span class='ocrx_word' id='word_1_452' title='bbox 819 3492 884 3538; x_wconf 84' lang='lat' dir='ltr'>tare.</span> <span class='ocrx_word' id='word_1_453' title='bbox 908 3481 960 3538; x_wconf 84' lang='lat' dir='ltr'>Kil.</span> <span class='ocrx_word' id='word_1_454' title='bbox 988 3482 1062 3537; x_wconf 69' lang='lat' dir='ltr'>siv.</span> <span class='ocrx_word' id='word_1_455' title='bbox 1084 3479 1211 3551; x_wconf 81' lang='lat' dir='ltr'>dert&#39;jden,</span> <span class='ocrx_word' id='word_1_456' title='bbox 1232 3480 1381 3537; x_wconf 77' lang='lat' dir='ltr'>incursare.</span> 
     </span>
     <span class='ocr_line' id='line_1_51' title="bbox 131 3555 1434 3632; baseline -0.001 -18"><span class='ocrx_word' id='word_1_457' title='bbox 131 3568 235 3616; x_wconf 87' lang='lat' dir='ltr'>vertere</span> <span class='ocrx_word' id='word_1_458' title='bbox 261 3559 297 3615; x_wconf 87' lang='lat' dir='ltr'>ad</span> <span class='ocrx_word' id='word_1_459' title='bbox 317 3558 372 3615; x_wconf 88' lang='lat' dir='ltr'>alia</span> <span class='ocrx_word' id='word_1_460' title='bbox 392 3575 483 3624; x_wconf 71' lang='lat' dir='ltr'>sacrm</span> <span class='ocrx_word' id='word_1_461' title='bbox 509 3559 588 3631; x_wconf 72' lang='lat' dir='ltr'>ophi,</span> <span class='ocrx_word' id='word_1_462' title='bbox 611 3560 744 3628; x_wconf 77' lang='lat' dir='ltr'>oseulari3</span> <span class='ocrx_word' id='word_1_463' title='bbox 781 3557 915 3625; x_wconf 89' lang='lat' dir='ltr'>biride,</span> <span class='ocrx_word' id='word_1_464' title='bbox 947 3557 1041 3631; x_wconf 84' lang='lat' dir='ltr'>grallis</span> <span class='ocrx_word' id='word_1_465' title='bbox 1069 3555 1200 3612; x_wconf 83' lang='lat' dir='ltr'>incedens</span> <span class='ocrx_word' id='word_1_466' title='bbox 1221 3557 1348 3612; x_wconf 78' lang='lat' dir='ltr'>semitam</span> <span class='ocrx_word' id='word_1_467' title='bbox 1369 3576 1434 3632; x_wconf 90' lang='lat' dir='ltr'>ape·</span> 
     </span>
     <span class='ocr_line' id='line_1_52' title="bbox 130 3632 1436 3710; baseline -0.001 -20"><span class='ocrx_word' id='word_1_468' title='bbox 130 3633 215 3702; x_wconf 73' lang='lat' dir='ltr'>latri,</span> <span class='ocrx_word' id='word_1_469' title='bbox 237 3635 409 3709; x_wconf 79' lang='lat' dir='ltr'>negligenter</span> <span class='ocrx_word' id='word_1_470' title='bbox 430 3646 548 3690; x_wconf 84' lang='lat' dir='ltr'>tractare</span> <span class='ocrx_word' id='word_1_471' title='bbox 569 3635 638 3710; x_wconf 89' lang='lat' dir='ltr'>quid</span> <span class='ocrx_word' id='word_1_472' title='bbox 658 3649 685 3691; x_wconf 87' lang='lat' dir='ltr'>et</span> <span class='ocrx_word' id='word_1_473' title='bbox 704 3637 765 3697; x_wconf 63' lang='lat' dir='ltr'>in-,</span> <span class='ocrx_word' id='word_1_474' title='bbox 818 3635 873 3691; x_wconf 91' lang='lat' dir='ltr'>rire</span> <span class='ocrx_word' id='word_1_475' title='bbox 913 3654 961 3708; x_wconf 83' lang='lat' dir='ltr'>per</span> <span class='ocrx_word' id='word_1_476' title='bbox 999 3633 1122 3706; x_wconf 77' lang='lat' dir='ltr'>glaciem.</span> <span class='ocrx_word' id='word_1_477' title='bbox 1170 3632 1354 3688; x_wconf 78' lang='lat' dir='ltr'>Foreicltte&#39;cdl</span> <span class='ocrx_word' id='word_1_478' title='bbox 1398 3633 1436 3689; x_wconf 77' lang='lat' dir='ltr'>a&#39;r</span> 
     </span>
     <span class='ocr_line' id='line_1_53' title="bbox 130 3707 1432 3788; baseline -0.001 -21"><span class='ocrx_word' id='word_1_479' title='bbox 130 3710 260 3788; x_wconf 88' lang='lat' dir='ltr'>quiuarc;</span> <span class='ocrx_word' id='word_1_480' title='bbox 286 3710 423 3785; x_wconf 69' lang='grc' dir='ltr'>ὀίιίαναρὶ,</span> <span class='ocrx_word' id='word_1_481' title='bbox 456 3710 483 3766; x_wconf 92' lang='lat' dir='ltr'>F.</span> <span class='ocrx_word' id='word_1_482' title='bbox 514 3710 631 3779; x_wconf 58' lang='lat' dir='ltr'>tidelm</span> <span class='ocrx_word' id='word_1_483' title='bbox 660 3708 765 3769; x_wconf 79' lang='lat' dir='ltr'>hilare-l</span> <span class='ocrx_word' id='word_1_484' title='bbox 818 3711 841 3767; x_wconf 79' lang='lat' dir='ltr'>ia</span> <span class='ocrx_word' id='word_1_485' title='bbox 859 3711 923 3766; x_wconf 72' lang='lat' dir='ltr'>renel</span> <span class='ocrx_word' id='word_1_486' title='bbox 943 3710 989 3765; x_wconf 80' lang='lat' dir='ltr'>um</span> <span class='ocrx_word' id='word_1_487' title='bbox 1008 3707 1205 3781; x_wconf 78' lang='lat' dir='ltr'>diridenpoed,</span> <span class='ocrx_word' id='word_1_488' title='bbox 1227 3711 1300 3764; x_wconf 71' lang='lat' dir='ltr'>Came</span> <span class='ocrx_word' id='word_1_489' title='bbox 1314 3708 1432 3782; x_wconf 81' lang='lat' dir='ltr'>glaciem</span> 
     </span>
     <span class='ocr_line' id='line_1_54' title="bbox 128 3785 1434 3863; baseline 0 -20"><span class='ocrx_word' id='word_1_490' title='bbox 128 3788 203 3859; x_wconf 72' lang='lat' dir='ltr'>aopi,</span> <span class='ocrx_word' id='word_1_491' title='bbox 223 3787 365 3863; x_wconf 87' lang='lat' dir='ltr'>appellere</span> <span class='ocrx_word' id='word_1_492' title='bbox 387 3799 488 3843; x_wconf 89' lang='lat' dir='ltr'>terram</span> <span class='ocrx_word' id='word_1_493' title='bbox 509 3790 552 3859; x_wconf 85' lang='lat' dir='ltr'>(ut</span> <span class='ocrx_word' id='word_1_494' title='bbox 574 3788 689 3859; x_wconf 77' lang='lat' dir='ltr'>turrita),</span> <span class='ocrx_word' id='word_1_495' title='bbox 715 3789 743 3845; x_wconf 94' lang='lat' dir='ltr'>F.</span> <span class='ocrx_word' id='word_1_496' title='bbox 818 3787 968 3843; x_wconf 82' lang='lat' dir='ltr'>recentem!</span> <span class='ocrx_word' id='word_1_497' title='bbox 1008 3785 1140 3842; x_wconf 76' lang='lat' dir='ltr'>Noudnm</span> <span class='ocrx_word' id='word_1_498' title='bbox 1159 3785 1257 3842; x_wconf 88' lang='lat' dir='ltr'>semita</span> <span class='ocrx_word' id='word_1_499' title='bbox 1277 3795 1372 3842; x_wconf 87' lang='lat' dir='ltr'>notata</span> <span class='ocrx_word' id='word_1_500' title='bbox 1390 3792 1434 3843; x_wconf 89' lang='lat' dir='ltr'>est</span> 
     </span>
     <span class='ocr_line' id='line_1_55' title="bbox 129 3862 1087 3939; baseline -0.002 -19"><span class='ocrx_word' id='word_1_501' title='bbox 129 3862 242 3931; x_wconf 67' lang='lat' dir='ltr'>bildsr&#39;ce</span> <span class='ocrx_word' id='word_1_502' title='bbox 266 3863 376 3929; x_wconf 56' lang='lat' dir='ltr'>tamti,</span> <span class='ocrx_word' id='word_1_503' title='bbox 400 3873 506 3937; x_wconf 84' lang='lat' dir='ltr'>tegere,</span> <span class='ocrx_word' id='word_1_504' title='bbox 530 3873 690 3939; x_wconf 78' lang='lat' dir='ltr'>contegere,</span> <span class='ocrx_word' id='word_1_505' title='bbox 713 3865 742 3924; x_wconf 86' lang='lat' dir='ltr'>F.</span> <span class='ocrx_word' id='word_1_506' title='bbox 817 3882 970 3920; x_wconf 89' lang='lat' dir='ltr'>cursorum</span> <span class='ocrx_word' id='word_1_507' title='bbox 986 3863 1087 3935; x_wconf 88' lang='lat' dir='ltr'>grallis.</span> 
     </span>
     <span class='ocr_line' id='line_1_56' title="bbox 130 3937 1434 4016; baseline -0.001 -19"><span class='ocrx_word' id='word_1_508' title='bbox 130 3939 237 4011; x_wconf 72' lang='lat' dir='ltr'>tidelia.</span> <span class='ocrx_word' id='word_1_509' title='bbox 256 3940 317 3997; x_wconf 78' lang='lat' dir='ltr'>loir.</span> <span class='ocrx_word' id='word_1_510' title='bbox 338 3944 386 4005; x_wconf 77' lang='lat'>35,</span> <span class='ocrx_word' id='word_1_511' title='bbox 411 3939 744 4016; x_wconf 64' lang='lat' dir='ltr'>[ademisapeelaadn</span> <span class='ocrx_word' id='word_1_512' title='bbox 779 3939 916 4009; x_wconf 89' lang='lat' dir='ltr'>biride,</span> <span class='ocrx_word' id='word_1_513' title='bbox 952 3939 1028 3996; x_wconf 70' lang='lat' dir='ltr'>vna.</span> <span class='ocrx_word' id='word_1_514' title='bbox 1059 3937 1199 4014; x_wconf 84' lang='lat' dir='ltr'>lapidibus</span> <span class='ocrx_word' id='word_1_515' title='bbox 1236 3938 1434 4014; x_wconf 81' lang='lat' dir='ltr'>superstructis</span> 
     </span>
     <span class='ocr_line' id='line_1_57' title="bbox 130 4013 1435 4099; baseline -0.002 -25"><span class='ocrx_word' id='word_1_516' title='bbox 130 4016 214 4075; x_wconf 83' lang='lat' dir='ltr'>verbe</span> <span class='ocrx_word' id='word_1_517' title='bbox 233 4015 368 4074; x_wconf 76' lang='lat' dir='ltr'>infinitiva</span> <span class='ocrx_word' id='word_1_518' title='bbox 389 4015 492 4087; x_wconf 83' lang='lat' dir='ltr'>lingum</span> <span class='ocrx_word' id='word_1_519' title='bbox 514 4014 609 4073; x_wconf 77' lang='lat' dir='ltr'>Frrsiae</span> <span class='ocrx_word' id='word_1_520' title='bbox 623 4018 764 4099; x_wconf 54' lang='lat' dir='ltr'>oriente:</span> <span class='ocrx_word' id='word_1_521' title='bbox 816 4024 918 4091; x_wconf 82' lang='lat' dir='ltr'>tegere.</span> <span class='ocrx_word' id='word_1_522' title='bbox 955 4016 994 4071; x_wconf 83' lang='lat' dir='ltr'>Di</span> <span class='ocrx_word' id='word_1_523' title='bbox 1020 4013 1124 4072; x_wconf 76' lang='lat' dir='ltr'>mudrre</span> <span class='ocrx_word' id='word_1_524' title='bbox 1148 4013 1247 4083; x_wconf 63' lang='lat' dir='ltr'>eistete,</span> <span class='ocrx_word' id='word_1_525' title='bbox 1275 4013 1373 4089; x_wconf 90' lang='lat' dir='ltr'>parieti</span> <span class='ocrx_word' id='word_1_526' title='bbox 1398 4014 1435 4071; x_wconf 88' lang='lat' dir='ltr'>la·</span> 
     </span>
     <span class='ocr_line' id='line_1_58' title="bbox 130 4090 1433 4169; baseline -0.005 -18"><span class='ocrx_word' id='word_1_527' title='bbox 130 4092 177 4161; x_wconf 79' lang='lat' dir='ltr'>lis,</span> <span class='ocrx_word' id='word_1_528' title='bbox 191 4111 274 4169; x_wconf 87' lang='lat' dir='ltr'>quaru</span> <span class='ocrx_word' id='word_1_529' title='bbox 287 4090 742 4167; x_wconf 77' lang='lat' dir='ltr'>exposuitCadoviusMaller(ri⁰</span> <span class='ocrx_word' id='word_1_530' title='bbox 816 4111 887 4150; x_wconf 82' lang='lat' dir='ltr'>cerro</span> <span class='ocrx_word' id='word_1_531' title='bbox 907 4092 1081 4167; x_wconf 78' lang='lat' dir='ltr'>agglutinare</span> <span class='ocrx_word' id='word_1_532' title='bbox 1100 4092 1216 4148; x_wconf 88' lang='lat' dir='ltr'>alteram</span> <span class='ocrx_word' id='word_1_533' title='bbox 1237 4098 1342 4146; x_wconf 88' lang='lat' dir='ltr'>struem</span> <span class='ocrx_word' id='word_1_534' title='bbox 1363 4090 1433 4165; x_wconf 87' lang='lat' dir='ltr'>lapi·</span> 
     </span>
     <span class='ocr_line' id='line_1_59' title="bbox 132 4166 1433 4245; baseline -0.002 -19"><span class='ocrx_word' id='word_1_535' title='bbox 132 4170 226 4241; x_wconf 80' lang='lat' dir='ltr'>leti.)</span> <span class='ocrx_word' id='word_1_536' title='bbox 252 4188 294 4227; x_wconf 84' lang='lat' dir='ltr'>ex.</span> <span class='ocrx_word' id='word_1_537' title='bbox 314 4187 355 4245; x_wconf 81' lang='lat' dir='ltr'>gr.</span> <span class='ocrx_word' id='word_1_538' title='bbox 377 4187 403 4244; x_wconf 88' lang='lat' dir='ltr'>p.</span> <span class='ocrx_word' id='word_1_539' title='bbox 425 4167 476 4236; x_wconf 84' lang='grc'>67,</span> <span class='ocrx_word' id='word_1_540' title='bbox 498 4169 567 4237; x_wconf 71' lang='lat' dir='ltr'>ceri,</span> <span class='ocrx_word' id='word_1_541' title='bbox 587 4168 610 4224; x_wconf 87' lang='lat' dir='ltr'>F</span> <span class='ocrx_word' id='word_1_542' title='bbox 627 4189 650 4227; x_wconf 86' lang='lat' dir='ltr'>v.</span> <span class='ocrx_word' id='word_1_543' title='bbox 669 4172 764 4245; x_wconf 70' lang='lat' dir='ltr'>erio,{</span> <span class='ocrx_word' id='word_1_544' title='bbox 817 4166 1131 4242; x_wconf 73' lang='lat' dir='ltr'>deam.1igs.ders&#39;dao,</span> <span class='ocrx_word' id='word_1_545' title='bbox 1153 4167 1337 4243; x_wconf 80' lang='lat' dir='ltr'>praecingere,</span> <span class='ocrx_word' id='word_1_546' title='bbox 1365 4167 1433 4223; x_wconf 79' lang='lat' dir='ltr'>ileu·</span> 
     </span>
     <span class='ocr_line' id='line_1_60' title="bbox 129 4243 1433 4322; baseline -0.005 -17"><span class='ocrx_word' id='word_1_547' title='bbox 129 4243 162 4305; x_wconf 76' lang='lat' dir='ltr'>F.</span> <span class='ocrx_word' id='word_1_548' title='bbox 188 4246 277 4315; x_wconf 78' lang='lat' dir='ltr'>ear·ie,·</span> <span class='ocrx_word' id='word_1_549' title='bbox 305 4264 331 4322; x_wconf 90' lang='lat' dir='ltr'>p.</span> <span class='ocrx_word' id='word_1_550' title='bbox 359 4248 411 4314; x_wconf 80' lang='lat'>85,</span> <span class='ocrx_word' id='word_1_551' title='bbox 433 4246 530 4320; x_wconf 67' lang='lat' dir='ltr'>plangi,</span> <span class='ocrx_word' id='word_1_552' title='bbox 551 4245 572 4301; x_wconf 86' lang='lat' dir='ltr'>F</span> <span class='ocrx_word' id='word_1_553' title='bbox 590 4264 614 4303; x_wconf 88' lang='lat' dir='ltr'>v.</span> <span class='ocrx_word' id='word_1_554' title='bbox 637 4250 764 4321; x_wconf 60' lang='lat' dir='ltr'>qrammi</span> <span class='ocrx_word' id='word_1_555' title='bbox 816 4264 876 4302; x_wconf 91' lang='lat' dir='ltr'>son.</span> <span class='ocrx_word' id='word_1_556' title='bbox 905 4244 968 4302; x_wconf 89' lang='lat' dir='ltr'>Pliu</span> <span class='ocrx_word' id='word_1_557' title='bbox 999 4243 1050 4319; x_wconf 80' lang='lat' dir='ltr'>up.</span> <span class='ocrx_word' id='word_1_558' title='bbox 1072 4248 1190 4317; x_wconf 66' lang='lat' dir='ltr'>peractae</span> <span class='ocrx_word' id='word_1_559' title='bbox 1216 4246 1328 4299; x_wconf 79' lang='lat' dir='ltr'>testaceo</span> <span class='ocrx_word' id='word_1_560' title='bbox 1355 4260 1433 4316; x_wconf 85' lang='lat' dir='ltr'>opere</span> 
     </span>
     <span class='ocr_line' id='line_1_61' title="bbox 129 4318 1434 4399; baseline -0.003 -20"><span class='ocrx_word' id='word_1_561' title='bbox 129 4338 158 4399; x_wconf 85' lang='grc' dir='ltr'>ρ.</span> <span class='ocrx_word' id='word_1_562' title='bbox 172 4322 244 4391; x_wconf 70' lang='lat'>221,</span> <span class='ocrx_word' id='word_1_563' title='bbox 256 4322 348 4398; x_wconf 78' lang='lat' dir='ltr'>siirrpi,</span> <span class='ocrx_word' id='word_1_564' title='bbox 368 4321 415 4380; x_wconf 79' lang='lat' dir='ltr'>iel.</span> <span class='ocrx_word' id='word_1_565' title='bbox 427 4324 537 4399; x_wconf 66' lang='grc' dir='ltr'>ερηρὶας</span> <span class='ocrx_word' id='word_1_566' title='bbox 548 4324 666 4399; x_wconf 74' lang='lat' dir='ltr'>sprrnqi,</span> <span class='ocrx_word' id='word_1_567' title='bbox 682 4323 708 4379; x_wconf 94' lang='lat' dir='ltr'>F.</span> <span class='ocrx_word' id='word_1_568' title='bbox 718 4341 741 4382; x_wconf 87' lang='lat' dir='ltr'>v.</span> <span class='ocrx_word' id='word_1_569' title='bbox 761 4328 763 4353; x_wconf 75' lang='lat'>²</span> <span class='ocrx_word' id='word_1_570' title='bbox 812 4321 959 4396; x_wconf 74' lang='lat' dir='ltr'>praetacti.</span> <span class='ocrx_word' id='word_1_571' title='bbox 984 4319 1032 4378; x_wconf 90' lang='lat' dir='ltr'>lsl.</span> <span class='ocrx_word' id='word_1_572' title='bbox 1048 4319 1140 4395; x_wconf 80' lang='lat' dir='ltr'>rydr&#39;o,</span> <span class='ocrx_word' id='word_1_573' title='bbox 1159 4329 1296 4386; x_wconf 74' lang='lat' dir='ltr'>sternere,</span> <span class='ocrx_word' id='word_1_574' title='bbox 1311 4322 1341 4375; x_wconf 83' lang='lat' dir='ltr'>at</span> <span class='ocrx_word' id='word_1_575' title='bbox 1353 4318 1434 4395; x_wconf 78' lang='lat' dir='ltr'>rydt&#39;o</span> 
     </span>
     <span class='ocr_line' id='line_1_62' title="bbox 127 4390 1433 4475; baseline -0.002 -20"><span class='ocrx_word' id='word_1_576' title='bbox 127 4399 250 4474; x_wconf 60' lang='lat' dir='ltr'>aprima,</span> <span class='ocrx_word' id='word_1_577' title='bbox 266 4399 295 4457; x_wconf 88' lang='lat' dir='ltr'>F.</span> <span class='ocrx_word' id='word_1_578' title='bbox 308 4398 428 4475; x_wconf 60' lang='lat' dir='ltr'>apricam</span> <span class='ocrx_word' id='word_1_579' title='bbox 448 4399 546 4467; x_wconf 69' lang='lat' dir='ltr'>stracti,</span> <span class='ocrx_word' id='word_1_580' title='bbox 564 4398 590 4456; x_wconf 90' lang='lat' dir='ltr'>F.</span> <span class='ocrx_word' id='word_1_581' title='bbox 600 4418 623 4455; x_wconf 87' lang='lat' dir='ltr'>v.</span> <span class='ocrx_word' id='word_1_582' title='bbox 637 4390 763 4467; x_wconf 65' lang='lat' dir='ltr'>mer-lumi</span> <span class='ocrx_word' id='word_1_583' title='bbox 817 4416 876 4473; x_wconf 76' lang='lat' dir='ltr'>nep,</span> <span class='ocrx_word' id='word_1_584' title='bbox 904 4407 1027 4454; x_wconf 85' lang='lat' dir='ltr'>sternere</span> <span class='ocrx_word' id='word_1_585' title='bbox 1054 4396 1134 4452; x_wconf 85' lang='lat' dir='ltr'>riam.</span> <span class='ocrx_word' id='word_1_586' title='bbox 1153 4426 1192 4439; x_wconf 90' lang='lat'>-</span> <span class='ocrx_word' id='word_1_587' title='bbox 1212 4394 1314 4452; x_wconf 84' lang='lat' dir='ltr'>Confer</span> <span class='ocrx_word' id='word_1_588' title='bbox 1333 4395 1433 4469; x_wconf 72' lang='lat' dir='ltr'>btrope.</span> 
     </span>
     <span class='ocr_line' id='line_1_63' title="bbox 128 4471 1434 4552; baseline -0.004 -19"><span class='ocrx_word' id='word_1_589' title='bbox 128 4476 212 4552; x_wconf 75' lang='lat' dir='ltr'>kryli,</span> <span class='ocrx_word' id='word_1_590' title='bbox 225 4474 357 4545; x_wconf 86' lang='lat' dir='ltr'>clamare,</span> <span class='ocrx_word' id='word_1_591' title='bbox 376 4475 402 4533; x_wconf 90' lang='lat' dir='ltr'>F.</span> <span class='ocrx_word' id='word_1_592' title='bbox 417 4476 499 4543; x_wconf 74' lang='lat' dir='ltr'>terite,</span> <span class='ocrx_word' id='word_1_593' title='bbox 514 4474 636 4551; x_wconf 82' lang='lat' dir='ltr'>plorarc3</span> <span class='ocrx_word' id='word_1_594' title='bbox 652 4498 677 4551; x_wconf 90' lang='grc' dir='ltr'>ρ.</span> <span class='ocrx_word' id='word_1_595' title='bbox 694 4481 742 4545; x_wconf 88' lang='grc'>60,</span> <span class='ocrx_word' id='word_1_596' title='bbox 815 4476 888 4549; x_wconf 85' lang='lat' dir='ltr'>Aug.</span> <span class='ocrx_word' id='word_1_597' title='bbox 902 4479 928 4532; x_wconf 86' lang='lat' dir='ltr'>to</span> <span class='ocrx_word' id='word_1_598' title='bbox 942 4474 1031 4548; x_wconf 73' lang='lat' dir='ltr'>dercy,</span> <span class='ocrx_word' id='word_1_599' title='bbox 1044 4471 1202 4548; x_wconf 90' lang='lat' dir='ltr'>inquinare,</span> <span class='ocrx_word' id='word_1_600' title='bbox 1216 4471 1270 4527; x_wconf 89' lang='lat' dir='ltr'>hue</span> <span class='ocrx_word' id='word_1_601' title='bbox 1283 4489 1338 4529; x_wconf 91' lang='lat' dir='ltr'>non</span> <span class='ocrx_word' id='word_1_602' title='bbox 1352 4471 1434 4547; x_wconf 89' lang='lat' dir='ltr'>perti-</span> 
     </span>
     <span class='ocr_line' id='line_1_64' title="bbox 126 4547 1434 4624; baseline -0.002 -15"><span class='ocrx_word' id='word_1_603' title='bbox 126 4550 200 4620; x_wconf 69' lang='lat' dir='ltr'>ders&#39;,</span> <span class='ocrx_word' id='word_1_604' title='bbox 219 4552 298 4620; x_wconf 72' lang='lat' dir='ltr'>hera,</span> <span class='ocrx_word' id='word_1_605' title='bbox 318 4551 350 4610; x_wconf 91' lang='lat' dir='ltr'>F.</span> <span class='ocrx_word' id='word_1_606' title='bbox 359 4570 382 4609; x_wconf 80' lang='lat' dir='ltr'>v.</span> <span class='ocrx_word' id='word_1_607' title='bbox 395 4552 472 4619; x_wconf 80' lang='lat' dir='ltr'>llere,</span> <span class='ocrx_word' id='word_1_608' title='bbox 492 4550 523 4610; x_wconf 88' lang='lat' dir='ltr'>F.</span> <span class='ocrx_word' id='word_1_609' title='bbox 536 4553 624 4622; x_wconf 73' lang='lat' dir='ltr'>darre,</span> <span class='ocrx_word' id='word_1_610' title='bbox 644 4554 743 4622; x_wconf 80' lang='lat' dir='ltr'>ljerre,</span> <span class='ocrx_word' id='word_1_611' title='bbox 817 4562 877 4619; x_wconf 90' lang='lat' dir='ltr'>net;</span> <span class='ocrx_word' id='word_1_612' title='bbox 898 4550 946 4608; x_wconf 88' lang='lat' dir='ltr'>sed</span> <span class='ocrx_word' id='word_1_613' title='bbox 960 4551 995 4607; x_wconf 87' lang='lat' dir='ltr'>ad</span> <span class='ocrx_word' id='word_1_614' title='bbox 1011 4552 1077 4623; x_wconf 73' lang='lat' dir='ltr'>Age.</span> <span class='ocrx_word' id='word_1_615' title='bbox 1096 4547 1205 4613; x_wconf 74' lang='lat' dir='ltr'>rendae,</span> <span class='ocrx_word' id='word_1_616' title='bbox 1225 4548 1261 4624; x_wconf 80' lang='lat' dir='ltr'>pt.</span> <span class='ocrx_word' id='word_1_617' title='bbox 1281 4547 1359 4618; x_wconf 79' lang='lat' dir='ltr'>read,</span> <span class='ocrx_word' id='word_1_618' title='bbox 1381 4548 1434 4606; x_wconf 90' lang='lat' dir='ltr'>illi·</span> 
     </span>
     <span class='ocr_line' id='line_1_65' title="bbox 126 4623 1432 4704; baseline -0.003 -19"><span class='ocrx_word' id='word_1_619' title='bbox 126 4627 220 4697; x_wconf 81' lang='lat' dir='ltr'>leure,</span> <span class='ocrx_word' id='word_1_620' title='bbox 238 4628 341 4686; x_wconf 73' lang='lat' dir='ltr'>laedere.</span> <span class='ocrx_word' id='word_1_621' title='bbox 371 4628 462 4685; x_wconf 83' lang='lat' dir='ltr'>Autor</span> <span class='ocrx_word' id='word_1_622' title='bbox 481 4647 508 4704; x_wconf 92' lang='lat' dir='ltr'>p.</span> <span class='ocrx_word' id='word_1_623' title='bbox 523 4632 559 4686; x_wconf 86' lang='grc'>66</span> <span class='ocrx_word' id='word_1_624' title='bbox 575 4630 674 4685; x_wconf 87' lang='lat' dir='ltr'>asserit</span> <span class='ocrx_word' id='word_1_625' title='bbox 687 4630 743 4685; x_wconf 85' lang='lat' dir='ltr'>sere</span> <span class='ocrx_word' id='word_1_626' title='bbox 760 4662 763 4667; x_wconf 94' lang='lat'>-</span> <span class='ocrx_word' id='word_1_627' title='bbox 817 4629 883 4684; x_wconf 90' lang='lat' dir='ltr'>nire.</span> <span class='ocrx_word' id='word_1_628' title='bbox 895 4627 942 4684; x_wconf 81' lang='lat' dir='ltr'>Isl.</span> <span class='ocrx_word' id='word_1_629' title='bbox 952 4625 1032 4703; x_wconf 72' lang='lat' dir='ltr'>rpdo,</span> <span class='ocrx_word' id='word_1_630' title='bbox 1045 4623 1136 4691; x_wconf 70' lang='lat' dir='ltr'>riola,</span> <span class='ocrx_word' id='word_1_631' title='bbox 1150 4623 1264 4692; x_wconf 87' lang='lat' dir='ltr'>illinire,</span> <span class='ocrx_word' id='word_1_632' title='bbox 1278 4634 1432 4682; x_wconf 88' lang='lat' dir='ltr'>cruentare.</span> 
     </span>
     <span class='ocr_line' id='line_1_66' title="bbox 127 4701 1431 4777; baseline -0.002 -16"><span class='ocrx_word' id='word_1_633' title='bbox 127 4702 223 4762; x_wconf 87' lang='lat' dir='ltr'>omnia</span> <span class='ocrx_word' id='word_1_634' title='bbox 242 4704 378 4762; x_wconf 83' lang='lat' dir='ltr'>infinitiva</span> <span class='ocrx_word' id='word_1_635' title='bbox 400 4705 545 4762; x_wconf 82' lang='lat' dir='ltr'>verborum</span> <span class='ocrx_word' id='word_1_636' title='bbox 565 4703 951 4763; x_wconf 66' lang='lat' dir='ltr'>nonantulamun.</span> <span class='ocrx_word' id='word_1_637' title='bbox 982 4703 1024 4759; x_wconf 84' lang='lat' dir='ltr'>rb.</span> <span class='ocrx_word' id='word_1_638' title='bbox 1052 4701 1131 4759; x_wconf 88' lang='lat' dir='ltr'>relat.</span> <span class='ocrx_word' id='word_1_639' title='bbox 1159 4702 1196 4776; x_wconf 87' lang='lat' dir='ltr'>pt&#39;.</span> <span class='ocrx_word' id='word_1_640' title='bbox 1223 4701 1331 4769; x_wconf 82' lang='lat' dir='ltr'>dirette,</span> <span class='ocrx_word' id='word_1_641' title='bbox 1359 4703 1395 4775; x_wconf 81' lang='lat' dir='ltr'>pt.</span> <span class='ocrx_word' id='word_1_642' title='bbox 1405 4720 1431 4777; x_wconf 90' lang='lat' dir='ltr'>p.</span> 
     </span>
     <span class='ocr_line' id='line_1_67' title="bbox 127 4758 1429 4859; baseline -0.002 -19"><span class='ocrx_word' id='word_1_643' title='bbox 127 4778 200 4840; x_wconf 72' lang='lat' dir='ltr'>visse</span> <span class='ocrx_word' id='word_1_644' title='bbox 218 4780 250 4840; x_wconf 88' lang='lat' dir='ltr'>in</span> <span class='ocrx_word' id='word_1_645' title='bbox 268 4782 288 4839; x_wconf 85' lang='lat' dir='ltr'>i.</span> <span class='ocrx_word' id='word_1_646' title='bbox 308 4781 353 4841; x_wconf 81' lang='lat' dir='ltr'>vel</span> <span class='ocrx_word' id='word_1_647' title='bbox 367 4800 393 4841; x_wconf 81' lang='lat' dir='ltr'>a.</span> <span class='ocrx_word' id='word_1_648' title='bbox 408 4780 493 4840; x_wconf 83' lang='lat' dir='ltr'>Frisii</span> <span class='ocrx_word' id='word_1_649' title='bbox 506 4781 700 4859; x_wconf 79' lang='lat' dir='ltr'>Helgclaudiae</span> <span class='ocrx_word' id='word_1_650' title='bbox 713 4758 763 4844; x_wconf 81' lang='lat' dir='ltr'>uti</span> <span class='ocrx_word' id='word_1_651' title='bbox 816 4781 891 4853; x_wconf 77' lang='lat' dir='ltr'>diret,</span> <span class='ocrx_word' id='word_1_652' title='bbox 910 4799 992 4857; x_wconf 78' lang='lat' dir='ltr'>praes,</span> <span class='ocrx_word' id='word_1_653' title='bbox 1006 4799 1033 4858; x_wconf 91' lang='lat' dir='ltr'>p.</span> <span class='ocrx_word' id='word_1_654' title='bbox 1051 4777 1214 4848; x_wconf 76' lang='lat' dir='ltr'>diriedende,</span> <span class='ocrx_word' id='word_1_655' title='bbox 1234 4796 1290 4853; x_wconf 88' lang='lat' dir='ltr'>ger.</span> <span class='ocrx_word' id='word_1_656' title='bbox 1304 4777 1429 4837; x_wconf 68' lang='lat' dir='ltr'>hiraetes.</span> 
     </span>
    </p>
   </div>
   <div class='ocr_carea' id='block_1_12' title="bbox 0 0 1632 5310">
    <p class='ocr_par' dir='ltr' id='par_1_14' title="bbox 0 0 1632 5310">
     <span class='ocr_line' id='line_1_68' title="bbox 0 0 1632 5310; baseline 0 4"><span class='ocrx_word' id='word_1_657' title='bbox 0 0 1632 5310; x_wconf 95' lang='lat' dir='ltr'> </span> 
     </span>
    </p>
   </div>
  </div>
 </body>
</html>
