3256 5310
176 209 232 265 285
1465 216 1521 274 286

209 442 409 518 computabant
434 447 553 505 mulctas
579 446 635 504 iere
657 466 706 522 per
724 445 830 505 scillin·
865 450 1043 508 horich-b
1050 468 1082 526 y,
1115 448 1175 525 apis
1205 447 1354 515 mellifera,
1388 446 1520 505 distincta

209 538 267 595 gos.
308 519 369 577 liv.
392 522 442 580 Thi
461 524 552 597 kininy
570 527 635 580 cette
654 525 713 582 rtet
732 524 787 580 irld
803 525 830 580 bi
903 528 938 586 ab
965 526 1064 603 apibus
1091 525 1139 602 qui
1166 544 1221 582 non
1248 524 1418 581 mellificant.
1453 525 1521 595 Ags.

208 596 370 672 scillunqum.
403 600 468 658 Ther
481 598 559 676 pund
576 601 629 656 adil
648 620 715 657 wera
732 602 759 656 di
775 601 828 658 aiu·
902 604 989 679 durriffl.
1026 603 1073 662 Nl.
1103 602 1248 678 leonio-bie,
1277 601 1348 675 Aug.
1375 602 1520 677 bosey-bec.

207 691 261 748 qun
284 675 450 751 panninqorr,
482 697 529 735 rex
555 676 680 752 pecuniae
706 676 827 734 valorem
903 681 1105 755 Shakespeare,
1128 678 1200 735 Heu.
1221 677 1254 734 V.

209 749 349 807 statuebat
369 770 418 840 per
438 754 595 829 scillingos3
621 753 692 811 libra
712 755 748 811 sit
767 773 828 830 sep·
1007 759 1042 814 So
1061 757 1134 814 work
1152 756 1196 811 tire
1213 753 1364 828 loneydeea,

210 831 266 883 iem
293 846 507 903 P⁸¹¹¹¹¹¹180111m=
534 863 572 874 ···
599 830 660 888 RV·
692 830 751 888 0όᾶ
768 831 828 887 dela
906 837 1058 903 Cremerae,
1079 835 1138 890 that
1156 833 1188 906 dy
1206 852 1224 887 o
1236 832 1325 906 raliaq
1338 835 1433 887 notare
1446 831 1519 887 tacet

209 903 236 958 bi
254 903 377 973 dandum,
398 904 428 962 F.
453 905 527 963 Goe‘d
543 906 599 962 dele
619 908 650 981 by
670 907 699 964 di
711 908 827 977 lanam,
905 914 958 969 aaa
977 915 1023 967 ort
1042 914 1076 983 os
1091 909 1170 966 order
1190 913 1215 964 tc
1235 907 1378 981 cpeopled
1389 907 1519 981 anquam.

209 983 258 1035 not
276 979 303 1035 bi
325 982 430 1052 stokes,
455 982 600 1057 (haeredes)
622 1003 677 1042 non
698 1003 749 1061 per
768 984 829 1041 stir·
863 1003 1026 1072 scutum,
1051 1005 1170 1057 oestrum
1192 1005 1370 1055 stercoream.
1406 1000 1443 1055 So
1463 997 1521 1055 iwe-

209 1074 273 1144 pes',
304 1057 351 1113 sed
380 1058 485 1148 singuli
512 1059 613 1148 adeant
639 1060 827 1118 haereditatem
901 1066 959 1137 2250),
993 1065 1022 1136 ᾖε
1055 1079 1095 1134 ῑρη
1125 1077 1228 1151 Why,
1268 1079 1352 1132 oestro
1381 1080 1520 1132 stercoreo

209 1137 237 1188 et
256 1140 331 1189 mter
349 1153 379 1191 se
399 1134 525 1194 dividant
546 1156 574 1194 rn
590 1144 682 1212 partes
698 1138 827 1216 aequales.
901 1157 1038 1224 sedulio„
1059 1155 1133 1212 calet
1151 1155 1179 1210 in
1202 1170 1294 1228 opere.

209 1210 829 1380 dificit‘'tblll‘bt'l?
863 1248 985 1381 lala
1005 1244 1226 1380 ecula
1277 1244 1344 1319 ‘v

208 1360 257 1418 dar
288 1363 359 1419 domi
382 1363 440 1423 doer
464 1366 538 1441 beto
565 1365 613 1422 dar
636 1368 682 1438 lrjc
712 1386 829 1424 armmera
863 1400 895 1458 bi
922 1370 983 1458 θεῖ’
994 1401 1033 1457 ῥῶ
1052 1401 1080 1457 in
1100 1368 1189 1472 ἐγώ).
1216 1397 1310 1455 confer
1330 1396 1397 1472 Agn-
1416 1396 1520 1470 lasere.

208 1438 273 1496 alles
300 1443 385 1514 opita,
412 1441 512 1518 hyeme
531 1443 675 1519 proletarii
696 1443 741 1501 Iro
762 1462 828 1520 pau·
1104 1507 1113 1518 ⁵
1208 1500 1214 1511 ,

209 1515 332 1590 periores
351 1524 430 1588 sunt,
451 1519 502 1576 lroc
517 1518 583 1579 iude
596 1520 627 1576 fit
642 1519 718 1596 quod
732 1527 827 1577 vastate
902 1496 964 1534 ⁰⁰⁸¹
994 1478 1057 1534 ω’
1086 1475 1211 1541 ‘dam'
1244 1473 1276 1531 Ε
1307 1473 1354 1547 lap
1373 1491 1435 1530 cum
1457 1472 1519 1530 ω’

208 1609 290 1650 omne
322 1593 451 1651 meritum
482 1604 656 1653 consumunt.
684 1629 721 1639 -
745 1598 828 1653 Hroot
901 1569 1013 1642 Wlw
1053 1565 1127 1624 Goth
1157 1565 1222 1642 ,vods
1254 1583 1317 1622 cum
1356 1549 1518 1628 &7535ss

209 1668 297 1743 lydo,
330 1689 374 1726 res
407 1670 542 1729 addititia.
571 1673 623 1728 Jorr
648 1673 720 1729 beot
744 1692 777 1747 op
804 1673 828 1728 it
900 1657 974 1715 ΒΜ·
1001 1677 1049 1714 W
1075 1676 1136 1713 ⁰¹¹³]
1159 1645 1260 1724 ibiibi
1278 1662 1337 1713 tael·

202 1744 647 1819 poun'ty-taoandrdarm-man,
670 1748 742 1806 adde
758 1748 825 1825 quid
864 1749 968 1816 BlAR,
999 1763 1082 1815 arus,
1113 1767 1139 1803 n.
1169 1748 1308 1806 cerevisia.
1351 1748 1414 1804 Rv.
1444 1745 1518 1814 dior,

208 1820 286 1878 librrc
306 1823 335 1879 in
355 1823 472 1896 gratiam
493 1824 612 1881 hominis
632 1825 770 1900 pauperis.
901 1825 1052 1901 aliquando
1072 1824 1160 1890 biart,
1181 1825 1210 1881 F.
1220 1843 1244 1881 0.
1264 1825 1351 1892 dicer,
1372 1822 1402 1880 C.
1422 1822 1462 1879 M.
1476 1824 1519 1880 13.

247 1899 827 1975 By·rrornmrn‚ads.praesertim.Nlcoor·
901 1901 999 1958 Soteri.
1026 1901 1099 1970 bjor,
1126 1900 1159 1956 G.
1179 1900 1204 1957 J.
1229 1902 1316 1970 bicor,
1342 1900 1415 1974 ieter.
1448 1903 1519 1974 Aug.

207 1974 340 2049 nomrlylr,
366 1974 449 2032 idem.
477 1976 548 2052 Aug.
569 1979 684 2052 namely,
712 1997 826 2053 praser·
900 1980 959 2034 beer
985 1977 1075 2050 (bier).
1122 1978 1187 2050 Ags.
1215 1978 1289 2047 brar,
1319 1977 1395 2043 deor,
1414 1996 1442 2033 n.
1471 1974 1519 2032 lsl.

207 2049 276 2120 tim;
312 2051 425 2109 scilicet.
466 2052 513 2110 Nl.
544 2054 680 2125 namelijlc,
714 2055 828 2113 scilicet.
900 2055 972 2122 dior,
997 2054 1069 2126 bjor,
1090 2073 1126 2111 m.
1147 2053 1190 2110 Ex
1208 2053 1281 2124 bidr,
1304 2053 1359 2110 dier
1378 2052 1454 2111 Galli
1473 2051 1519 2109 ha·

208 2126 255 2184 Nl.
264 2147 288 2183 v.
302 2128 434 2195 hincman,
455 2129 555 2188 Moeri.
575 2131 621 2206 Sp.
636 2130 710 2189 Hist.
724 2131 746 2189 I.
761 2134 825 2189 331.
901 2130 968 2188 bont
987 2129 1071 2197 baire-
1086 2131 1172 2206 petite
1191 2129 1271 2200 ciere,
1292 2128 1424 2187 cerevisia
1444 2128 1519 2187 debi-

207 2204 256 2276 Βῆ
273 2205 377 2274 numia,
399 2204 440 2263 W.
455 2206 488 2263 G.
510 2210 553 2264 51.
584 2206 662 2264 Mhd.
683 2207 710 2264 bi
726 2227 826 2265 namen.
901 2207 948 2273 lis;
970 2213 1064 2265 contra
1081 2206 1270 2283 Shakespeare
1283 2207 1375 2264 ᾱοηόὶε
1387 2207 1457 2273 beer,
1477 2223 1520 2262 ce-

207 2279 253 2338 Nl.
273 2286 325 2339 raet
342 2301 432 2351 nome,
457 2283 628 2341 nominatim.
901 2283 1000 2341 revisia
1026 2283 1128 2352 calida,
1160 2283 1191 2341 F.
1212 2283 1288 2340 duhel
1313 2284 1418 2341 Dimier
1443 2282 1518 2350 beor,

246 2358 401 2434 Rurqelyks,
428 2360 560 2436 byyelylrs,
580 2359 702 2437 exempli
722 2362 825 2436 grotia3
901 2360 1032 2418 cerevisia
1052 2360 1210 2418 Deverrtriae
1230 2358 1328 2417 calida.

207 2432 298 2491 adhuc
317 2436 391 2510 viget
409 2435 482 2493 inter
503 2437 606 2494 Frisios
626 2436 817 2495 occidentales.
862 2437 954 2505 bier,
981 2437 1044 2494 av.
1065 2436 1210 2505 cerevisia;
1236 2454 1361 2511 caupona
1381 2433 1430 2493 ubi
1451 2433 1519 2492 ceri·

170 2507 234 2577 BY,
255 2527 324 2579 Bra,
344 2528 388 2579 131,
408 2530 450 2587 cg.
464 2513 525 2588 apis
539 2513 577 2590 pl.
591 2515 661 2588 byca.
692 2518 755 2587 Aga.
770 2515 825 2584 beo,
901 2513 997 2570 visiam
1018 2512 1125 2571 bibunt.
1156 2515 1261 2589 Augu.
1282 2517 1312 2569 ot
1325 2513 1369 2569 lde
1382 2514 1437 2580 ale,
1456 2511 1487 2568 F.
1495 2529 1519 2567 v.

208 2586 245 2662 pl.
265 2588 343 2656 deon,
372 2592 444 2662 Aug.
464 2589 520 2658 dee,
546 2590 583 2665 pl.
605 2591 667 2646 bees.
704 2591 744 2646 Di
763 2592 826 2666 byen
899 2590 965 2648 inno
983 2590 1071 2659 dicre,
1091 2590 1120 2647 iu
1142 2608 1268 2665 caupona
1288 2588 1470 2647 cerevisiaria.

206 2665 336 2736 swermje,
355 2683 422 2739 opes
443 2665 609 2723 examinant.
862 2666 994 2742 bJ‘irlre,
1016 2687 1042 2724 rr.
1062 2665 1277 2735 diminutivum
1298 2671 1378 2724 notat
1397 2662 1520 2722 dulcedi·

245 2740 324 2798 Prov.
353 2742 443 2798 Hraoer
473 2743 537 2816 byca
562 2743 640 2800 binae
658 2742 715 2800 dor
734 2745 758 2801 ir
777 2745 826 2800 edk
900 2763 963 2801 nem
987 2756 1078 2820 potus.

206 2817 314 2886 daniele,
341 2818 413 2888 Aug.
441 2862 456 2885 „
478 2820 573 2876 erere
592 2821 648 2876 dees
667 2839 728 2889 ore,
753 2821 826 2878 vvere
937 2820 980 2878 De
1001 2821 1203 2879 Germanorum
1225 2824 1292 2895 potu
1312 2817 1438 2886 Tacitus,
1468 2818 1520 2874 1²0-

206 2893 338 2968 r'alroaey.
378 2893 478 2952 Where
500 2895 576 2953 there
593 2915 640 2953 are
653 2896 825 2955 industrious
898 2898 940 2954 tui
964 2899 1057 2954 humor
1082 2918 1114 2954 aa
1138 2896 1235 2954 hordeo
1261 2899 1309 2951 out
1325 2896 1464 2968 frumento
1491 2893 1519 2949 r'rr

207 2969 424 3122 ababli
438 2971 824 3108 tttlbzlllldtll
898 2974 1048 3107 diffie
1068 2973 1266 3105 ‘littra
1298 2970 1359 3120 tt.
1387 2969 1518 3100 {titt

627 3095 632 3106 .
933 3097 939 3107 ,
986 3093 992 3106 .
1052 3094 1057 3105 .
1099 3075 1111 3106 1
1271 3091 1279 3115 ‚
1361 3089 1367 3101 .
1454 3088 1461 3111 ,
1512 3087 1518 3100 .

206 3122 365 3180 remfredis
388 3125 824 3200 ournciglrbourstheHollan·
896 3128 969 3199 Aug.
980 3145 1006 3182 v.
1039 3125 1115 3191 decr,
1148 3123 1277 3190 berlicle,
1310 3121 1382 3195 ling.
1415 3120 1517 3193 barlay,

206 3199 294 3256 ders.'’
332 3200 407 3289 Ray,
430 3200 473 3260 77.
897 3201 1039 3260 hordeum.
1060 3201 1226 3269 Humorem,
1244 3198 1292 3332 (hui
1307 3199 1338 3255 fir
1352 3217 1386 3254 ex
1399 3194 1517 3263 hordeo,

169 3274 273 3350 byke,
292 3295 319 3334 n.
337 3276 455 3353 apicula.
488 3280 589 3355 Bykes,
611 3277 823 3353 homiuestrugi
898 3278 980 3336 variis
1008 3275 1200 3352 significabant
1218 3294 1251 3332 su
1272 3274 1414 3341 stantivis,
1444 3273 1519 3330 unde

206 3359 235 3410 et
263 3352 402 3411 industrii.
440 3358 499 3412 Dat
526 3356 602 3413 diane
627 3376 688 3431 myri
716 3355 823 3412 hanah·
917 3353 1001 3411 endet
1027 3372 1122 3427 genias.
1155 3353 1213 3410 Fac
1233 3351 1319 3409 fuisse
1340 3350 1386 3408 Nl.
1406 3355 1467 3417 aot,
1488 3369 1514 3406 n.

205 3429 295 3504 hyles,
316 3429 344 3488 hi
364 3432 484 3508 operarii
503 3452 554 3490 sua
567 3432 706 3491 industrio
720 3437 824 3520 augent
897 3373 1009 3497 damur,
1036 3431 1167 3498 bere-aot,
1198 3429 1240 3486 vel
1266 3428 1298 3486 F.
1319 3447 1381 3502 cop,
1400 3447 1427 3484 n.
1447 3426 1516 3483 dere-

206 3524 263 3563 rem
291 3526 390 3565 meam.
421 3509 491 3585 Aug.
512 3511 569 3579 dee,
596 3528 631 3567 an
651 3508 823 3567 industrrous
949 3552 956 3575 ,
986 3510 1017 3562 ut
1036 3506 1149 3580 dei-sap,
1170 3505 1235 3563 Hol.
1256 3506 1395 3574 besee-nat,
1417 3522 1516 3561 succus

205 3582 260 3639 and
282 3585 385 3641 careful
406 3604 514 3658 person.
897 3582 918 3641 ri
940 3581 1089 3652 essiorurn,
1110 3589 1193 3659 atque
1213 3600 1309 3639 vocem
1351 3600 1381 3638 er
1396 3579 1515 3656 ellypsin

168 3657 335 3734 bys-bak,
357 3679 398 3736 cg.
419 3660 514 3719 alveus
529 3661 558 3719 ia
577 3678 633 3738 quo
648 3664 824 3736 seponuntur
896 3679 957 3718 esse
984 3659 1122 3717 redactam
1143 3659 1179 3716 ad
1198 3659 1271 3727 dere,
1299 3600 1348 3716 vell
1362 3657 1433 3724 beer,
1461 3657 1517 3713 bier

204 3736 260 3794 lavi
280 3742 429 3814 antequam
450 3737 536 3813 praelo
557 3736 760 3813 exprimuntur.
896 3735 1024 3794 neutrius
1054 3741 1127 3793 esset
1157 3735 1267 3808 generis
1297 3740 1329 3792 ut
1358 3733 1434 3867 adm
1461 3739 1517 3790 Ao·

168 3811 352 3889 bys-brea,
382 3832 409 3871 n.
442 3814 542 3871 florum
576 3811 672 3890 pollen
705 3811 823 3888 pedibus
898 3812 1077 3889 glosarones,
1105 3811 1222 3881 Frisios,
1241 3811 1365 3868 Neerlon
1387 3829 1433 3879 os,
1455 3810 1517 3867 ab·

205 3890 300 3965 apium
327 3889 434 3946 haerens
460 3896 488 3946 ct
513 3888 543 3946 in
566 3888 635 3946 faris
656 3888 823 3965 depositum.
898 3908 1023 3946 mannos.
1053 3889 1156 3946 Contra
1183 3889 1207 3945 si
1232 3887 1387 3963 subjectum
1408 3891 1451 3944 est
1470 3885 1516 3943 Nl.

207 3970 271 4042 lige.
291 3965 431 4034 beodreod,
451 3985 476 4023 n.
497 3966 576 4024 iavus
597 3964 687 4022 mellis
699 3965 823 4099 ficuum
898 3966 929 4024 F.
958 3965 1059 4034 drcnk,
1092 3972 1190 4042 potus,
1223 3974 1252 4022 et
1281 3984 1316 4022 ex
1345 3963 1516 4030 dere-dranis,

205 4042 302 4101 Boeth.
323 4061 382 4118 cap.
397 4044 441 4099 23.
460 4044 505 4100 Aa
526 4041 567 4100 .d.
581 4041 697 4100 dee-brea

206 4119 247 4178 ier
266 4119 395 4178 Bouchar
414 4123 443 4176 et
462 4062 612 4178 Hailivvell.
898 4119 985 4176 culini
1017 4119 1125 4194 generis
1158 4124 1190 4176 ut
1218 4116 1293 4194 apud
1319 4116 1515 4174 Scaudinavos.

167 4195 364 4274 bys-loca,
385 4214 428 4272 cg.
449 4196 567 4256 alveare.
841 4234 844 4287 4
901 4195 983 4273 llprrd
1008 4197 1115 4270 Anglos
1141 4194 1273 4253 Boreoles
1298 4193 1328 4250 in
1351 4211 1399 4250 ore
1418 4191 1518 4268 populi

166 4272 340 4348 bys-stit,
360 4292 402 4349 cg.
422 4272 567 4350 apiarium.
591 4273 639 4332 Nl.
660 4274 804 4330 biebonclre.
841 4290 845 4346 4
898 4280 942 4331 est
967 4273 1127 4348 berlay-brec
1154 4271 1213 4344 (Nl.
1236 4269 1421 4346 amabo-bii,
1453 4268 1516 4402 {uls

167 4348 397 4424 bys-sverm.
422 4369 463 4426 og.
485 4370 600 4410 examen
619 4351 724 4428 epium.
755 4349 824 4408 Poe·
898 4349 1004 4424 hordei)
1030 4358 1057 4406 et
1082 4349 1270 4425 barlay-orote,
1294 4346 1434 4420 jusculum
1476 4362 1518 4400 or·

206 4425 260 4483 ticc
281 4427 315 4482 G.
334 4427 359 4484 J.
379 4428 592 4495 hunmdsroerm,
612 4428 739 4506 proprie,
761 4445 825 4484 exa·
899 4426 959 4496 dei,
989 4445 1041 4503 pro
1067 4426 1206 4484 cerevisia.
1225 4456 1264 4469 -
1284 4421 1439 4481 Grimmius
1459 4439 1518 4478 om·

206 4520 269 4558 men
297 4503 473 4562 mellitcrum.
497 4505 519 4562 I.
542 4506 605 4574 lav,
644 4507 668 4563 O
692 4503 826 4561 eructet
899 4523 964 4561 nem
991 4503 1154 4560 affinitatem
1169 4502 1243 4559 inter
1256 4501 1320 4568 bier,
1339 4496 1516 4566 cerevisiam,

205 4577 517 4654 limelslrlruniyrwerml
542 4580 701 4639 Ooordum
716 4578 824 4636 delicias
898 4586 926 4636 et
958 4580 1030 4649 bere,
1061 4579 1210 4646 hordeum,
1243 4575 1397 4651 abjudicat,
1428 4578 1519 4652 putat·

207 4653 320 4711 coeleste
349 4674 448 4729 agmen
479 4656 660 4715 melliferum!
699 4655 823 4723 Scilicet,
897 4675 952 4734 que
979 4656 1133 4714 Germanos
1159 4661 1243 4733 potus
1271 4672 1334 4710 vare
1359 4650 1519 4710 Germanioi

207 4729 276 4788 deus
296 4735 325 4787 et
339 4730 425 4789 animi
438 4733 565 4792 coelestes
578 4733 681 4810 quibus
694 4733 823 4808 stipatur.
896 4751 1001 4791 nomen
1021 4733 1155 4810 petivisse
1174 4750 1211 4790 ex
1225 4729 1323 4800 Latio;
1344 4731 1430 4788 refert
1443 4727 1518 4787 enim

717 4089 723 4101 .
751 4042 823 4100 Coo·
898 4041 995 4100 bordei
1010 4049 1105 4119 potus,
1125 4041 1187 4099 fluit
1200 4041 1273 4108 bere,
1293 4059 1347 4097 vox
1361 4045 1434 4098 esset
1447 4057 1517 4096 mas·
