3256 5310
83 2490 138 2995 Ξ

100 3056 133 3159 e

85 3244 140 3401 ἐξ

448 874 811 1017 LECTORI
868 876 1318 1023 sissinio

800 1179 836 1247 S.
871 1181 908 1247 P.
943 1181 985 1248 D.

359 1427 855 1543 TIALLINGIUS
908 1430 1420 1549 HALBERTSMA
1519 1578 1523 1584 Ι

742 1703 856 1755 JUST1
892 1705 1035 1757 FILIUS.

713 1929 1077 1937 -——-..—-.—-—--—

275 2113 393 2177 Utinam
424 2115 478 2196 ipsi
507 2117 624 2179 auctori
651 2116 738 2179 huiets
767 2116 854 2179 ieoici
883 2116 1042 2197 eontipissot
1073 2116 1123 2179 iiii
1154 2116 1188 2179 L.
1226 2117 1260 2178 B.
1292 2117 1417 2180 satutem
1451 2117 1554 2200 dicere,

227 2239 318 2302 neque
346 2223 428 2302 miii,
468 2223 639 2303 iinpuarum
679 2224 927 2288 Germanicorum
964 2225 1046 2296 ruat,
1078 2226 1164 2305 pium
1196 2225 1313 2306 quidem
1334 2225 1384 2288 seo
1404 2226 1558 2306 inpratum

223 2329 417 2410 praefationis
450 2331 669 2395 conscribendae
703 2349 813 2395 munus
842 2333 1008 2395 iniunctum
1029 2332 1147 2412 suisset!
1170 2332 1256 2413 idque
1278 2350 1340 2395 uon
1366 2333 1463 2396 seium
1492 2351 1559 2398 mea

228 2456 329 2510 eausa,
370 2441 419 2503 oui
455 2443 617 2504 etiamnum
651 2443 745 2523 patris
781 2441 930 2522 adspectu
972 2440 1163 2514 sermonibus,
1195 2442 1316 2504 caritate
1352 2441 1417 2520 {nti
1448 2441 1553 2524 iieeret,

226 2546 275 2610 sni
310 2566 371 2610 nan
405 2550 503 2613 minus
537 2558 591 2614 tua
626 2568 727 2630 causa,
775 2551 824 2613 eui
863 2568 924 2613 nan
960 2550 1160 2630 [caemcntum
1200 2549 1302 2613 Fusici
1337 2551 1424 2613 leeiei
1458 2550 1555 2630 osser·

226 2661 321 2737 retur,
364 2658 413 2720 sea
451 2660 504 2740 qui
542 2661 689 2739 inteprum
727 2676 801 2740 opus
830 2659 982 2721 imbiturus
1013 2659 1125 2737 fuisses,
1156 2657 1328 2721 absolutum
1356 2658 1394 2721 ab
1426 2675 1475 2730 eo,
1507 2659 1560 2740 qui

228 2772 310 2829 tanto
343 2767 427 2830 oneri
454 2768 632 2848 suscipiendo
660 2775 826 2847 parasset:
858 2784 1008 2848 quumque
1030 2784 1082 2845 epo
1105 2766 1211 2829 eniiem
1234 2774 1355 2828 tantum
1384 2775 1411 2829 et
1443 2767 1556 2830 irenem

225 2874 436 2955 praefationem
471 2877 684 2956 praemissurus
719 2877 786 2948 sim,
818 2876 865 2938 iiic
893 2874 1019 2938 aieututi
1049 2875 1142 2955 operit
1175 2875 1326 2937 caputium
1356 2877 1558 2957 rationumque

224 2983 308 3062 piene
336 2991 430 3046 tecum
457 2988 727 3048 communicaturus
753 2986 851 3063 [uisset
880 2991 907 3047 et
938 3003 977 3046 ea
1002 3001 1113 3062 maprea
1135 2983 1284 3046 doctrinae
1310 2984 1392 3063 eopia
1419 2983 1557 3047 hauriem

226 3092 289 3164 sense
326 3093 512 3174 expositurus
551 3095 664 3172 (uisset,
703 3093 774 3175 quid
807 3093 859 3156 sibi
892 3092 1038 3155 uideretur
1071 3092 1106 3155 tie
1140 3091 1265 3154 Fn'sicue
1299 3092 1417 3172 iinpuae
1446 3090 1553 3173 indole,

226 3201 347 3280 eripiar,
375 3202 504 3282 intona,
538 3203 573 3264 ae
602 3202 705 3284 quiieu
734 3220 785 3282 epo
811 3202 855 3264 uit
885 3200 975 3264 habea
1005 3218 1081 3281 quae
1105 3200 1268 3280 proferam.
1298 3236 1341 3245 -
1374 3199 1433 3264 Seni
1458 3216 1555 3282 quor-

225 3325 291 3371 mm
324 3311 458 3390 querctae
489 3309 622 3373 inutiles?
673 3309 752 3387 Quin
780 3314 876 3390 petius
909 3310 1095 3389 cepticemus,
1130 3325 1207 3390 quae
1228 3325 1317 3371 causa
1339 3309 1376 3371 sit
1397 3325 1452 3371 eur
1471 3316 1557 3390 pater

229 3434 301 3498 opnr
335 3435 397 3480 nou
425 3418 465 3481 aei
494 3420 582 3500 finem
614 3420 797 3500 perducuit,
838 3436 931 3499 quum
970 3424 1070 3478 tamen
1100 3423 1180 3480 aetas
1208 3417 1277 3480 satis
1306 3417 1395 3498 ioeepa
1425 3418 1452 3479 ei
1479 3435 1554 3480 eon·

229 3527 322 3606 iiperit
352 3559 392 3569 -
424 3526 485 3605 sere
513 3529 715 3607 octapenarius
745 3531 821 3590 enim
854 3527 966 3589 decessit
997 3561 1039 3570 —
1072 3532 1099 3587 et
1128 3527 1189 3587 ram
1216 3526 1335 3588 iuuenili
1359 3531 1454 3588 aetate
1474 3524 1558 3605 operi

227 3652 256 3697 se
276 3635 448 3698 accintacrit.

274 3744 316 3806 Ae
329 3743 468 3806 dormiam
488 3743 604 3824 quidem
619 3762 704 3806 nemo
718 3760 829 3825 aequm
842 3747 922 3825 patri
935 3744 1132 3826 exprobrabit,
1157 3742 1209 3824 qui
1221 3741 1333 3802 iuuerit
1347 3747 1492 3821 quautam
1506 3740 1556 3803 in-

227 3851 370 3914 dustriam
391 3869 444 3932 per
466 3859 558 3914 totam
581 3853 671 3914 uitam
693 3853 725 3914 iu
747 3852 790 3915 ms
810 3853 911 3915 studiis
931 3854 1071 3934 posuerit.
1095 3859 1206 3933 quanto
1228 3849 1336 3911 ardore
1357 3865 1392 3910 ea
1415 3848 1552 3923 minuit,

227 3962 326 4042 spretis
348 3962 382 4024 iis
403 3961 612 4041 uoluptatibus,
639 3960 741 4042 quibem
762 3962 867 4040 uuipus
889 3963 1042 4024 hominum
1067 3959 1206 4023 delectari
1226 3958 1307 4027 sotei,
1333 3957 1375 4018 ita
1397 3963 1430 4017 ut
1453 3957 1552 4030 multi,

227 4068 280 4148 qui
307 4085 368 4130 uon
400 4075 520 4148 norant,
559 4085 627 4130 eum
658 4086 713 4150 pro
746 4070 865 4131 immine
895 4087 1012 4132 moroso
1041 4067 1185 4131 iuberent.
1236 4064 1348 4128 Contra
1378 4065 1442 4126 iure
1480 4081 1553 4126 eon·

227 4175 327 4238 tendas
356 4194 424 4239 eum
454 4177 538 4238 nimis
572 4194 716 4255 mapnum
741 4194 814 4258 opus
841 4176 987 4240 ambitiose
1018 4178 1167 4256 affectasse
1227 4173 1377 4236 Nimirum
1402 4171 1454 4233 sibi
1483 4189 1554 4252 pro·

226 4292 364 4364 posuerat
396 4303 457 4347 uno
489 4302 609 4366 corpore
640 4286 789 4366 complecti
818 4286 920 4349 emenia
942 4284 1083 4347 uaeaiuia
1109 4293 1136 4347 et
1158 4299 1258 4346 omues
1280 4279 1417 4361 loquenti
1437 4278 1552 4353 maor,

226 4391 329 4477 quius
362 4393 449 4458 Frisii
481 4395 594 4474 uptam
627 4395 673 4457 usi
702 4402 803 4457 essem,
852 4394 956 4474 itaque
990 4411 1051 4456 mou
1082 4393 1152 4455 sotis
1188 4389 1307 4453 habeam
1342 4389 1367 4450 si
1397 4385 1551 4468 mutum,

226 4503 329 4586 quibus
366 4505 534 4565 etiamnunc
568 4502 655 4566 Frisii
691 4502 875 4566 Necriandici
908 4509 1047 4573 utuntur,
1082 4500 1185 4563 ordine
1214 4503 1407 4561 enumerasset
1437 4502 1464 4557 et
1494 4512 1552 4560 ex-

222 4613 366 4695 piieasset,
412 4611 460 4674 seni
500 4620 652 4692 praeterea
693 4611 725 4673 iu
766 4613 866 4675 seram
904 4611 1026 4690 recipere
1063 4611 1249 4672 consenuerat
1294 4613 1357 4668 tum
1406 4601 1548 4666 mnemia

227 4722 351 4788 Frisim
387 4720 506 4800 cripiens
534 4740 609 4804 quae
640 4720 737 4783 oaieuc
770 4721 802 4782 in
837 4738 894 4783 usu
924 4727 992 4781 sunt
1026 4719 1108 4800 apud
1142 4718 1266 4799 retiquae
1301 4715 1392 4794 pentis
1422 4710 1547 4774 Feisicae
