3256 5310
176 204 230 267 979

436 352 578 414 FALOM.

213 434 267 492 bus
293 430 473 490 venabantur.
503 432 603 509 Neque
623 431 693 491 duos
713 432 838 492 falcones

213 510 264 569 uni
284 508 374 566 ardeae
393 512 426 566 ut
445 507 541 579 hodie,
562 509 611 567 sed
626 528 712 568 unum
729 515 837 568 tantum

212 587 351 646 falconem
371 585 561 663 opponebant.

174 663 386 798 FALqufiss-
407 663 440 721 de
451 663 557 738 salom,
583 663 689 723 viculus
710 663 839 722 Smallin·

175 759 373 878 stffmm

1486 208 1540 262 980

915 430 989 503 inter
1015 351 1365 505 gretmannbiribi'officia
1400 431 1539 490 Universa

907 509 983 583 fona
1008 507 1163 565 autoritatis
1189 505 1311 582 publicae
1337 508 1393 566 fuit
1416 508 1538 585 insigne:

914 583 963 642 dat
987 584 1080 641 iemmo
1106 584 1167 642 diae
1186 585 1311 660 arderigo
1330 587 1389 643 sele
1406 585 1456 643 mit
1467 588 1541 661 flore

912 660 977 719 ende
1001 661 1051 718 mit
1065 663 1155 733 sana,
1186 660 1261 737 quod
1287 679 1335 718 vos
1360 662 1540 735 (areimanni)

913 738 1031 797 rebelles
1058 736 1259 815 persequimini
1285 708 1414 797 incendio
1444 745 1472 797 et
1496 759 1539 796 ve·

230 836 321 885 -um,
349 816 415 876 F.b.
441 835 543 875 nomen
571 817 627 877 vici
658 819 724 877 olim
758 817 838 895 aquis
913 816 995 883 xillo,
1018 815 1037 871 i.
1059 834 1083 873 e.
1103 816 1216 873 cohorte
1236 821 1348 880 armata.

212 893 350 955 submersi
386 892 415 951 iu
448 895 567 972 antiquo
600 896 692 955 littore
724 894 838 962 boreali,
876 893 967 961 fana,
999 891 1029 951 F.
1040 912 1065 949 v.
1090 892 1231 950 ¹venillum
1257 910 1382 962 sacrum,
1412 892 1489 969 quod
1511 892 1538 950 in

174 971 392 1116 niihfi'su
407 1047 506 1105 sassa
520 1047 648 1107 boreus.
669 1048 758 1106 aeno.
775 1050 837 1105 104.

913 988 1028 1046 pompa,
1043 969 1102 1026 sive
1116 988 1166 1044 per
1179 967 1330 1045 templum,
1351 969 1409 1026 sive
1422 969 1538 1046 publice

914 1065 963 1122 pcr
983 1046 1057 1115 vias,
1086 1044 1226 1104 tollebant.
1258 1046 1344 1104 Plene
1363 1045 1411 1104 Nl.
1431 1048 1539 1105 kerten-

173 1125 311 1192 FALSK,
332 1123 385 1198 adj.
399 1122 498 1192 fallax,
519 1125 657 1202 imprimis
676 1124 725 1202 qui
744 1124 837 1183 auimo
912 1142 985 1181 acac.

212 1201 306 1260 hostili
343 1200 457 1258 simulat
489 1200 658 1271 amicitiam,
698 1219 837 1269 amorem,
876 1199 1045 1275 laentsje,
1074 1219 1099 1257 n.
1127 1199 1261 1257 vexillum
1291 1218 1424 1276 parvum,
1454 1200 1537 1259 va.

212 1280 345 1337 fauorem.
375 1277 468 1334 Fotsce
485 1278 583 1350 ajs'rre‚
605 1279 700 1356 vipera
720 1277 837 1355 perfida,

213 1355 231 1415 i.
258 1375 282 1414 e.
308 1354 372 1411 licta
399 1352 508 1411 mulier.
541 1356 634 1414 Falsas
659 1355 742 1426 laites,
772 1354 838 1412 insi·

212 1432 303 1492 assor
330 1429 462 1507 perfidus.
492 1432 538 1507 up
550 1433 653 1505 praes
672 1433 696 1490 o
714 1451 745 1488 a
757 1395 860 1507 sauri

212 1528 243 1568 os
262 1508 285 1565 it
304 1507 452 1582 wenerjqo
472 1508 511 1576 ia,
539 1507 608 1568 ab.
628 1528 656 1566 so
669 1509 750 1584 solata
768 1515 799 1566 rte
818 1508 839 1566 ’t

211 1584 300 1644 cedo
318 1584 364 1660 jip
384 1603 429 1651 oa,
458 1583 540 1641 homo
561 1584 783 1662 impenetrabilis
803 1584 837 1642 si·

210 1659 501 1750 mulationiq,·Bend.
533 1663 578 1720 80.
621 1661 730 1719 Veritas
761 1661 837 1738 apud

212 1755 428 1873 illailla?
443 1736 726 1890 lllllhttttt
742 1741 837 1889 llll

213 1892 294 1950 lineae
323 1908 380 1948 non
410 1895 478 1947 sunt
506 1891 660 1967 parallelas,
686 1890 837 1949 interstitia

212 1986 270 2027 non
295 1971 361 2024 sunt
386 1964 513 2043 aequalia.
539 1999 578 2012 -
604 1968 697 2025 Folsce
725 1968 836 2038 mintea,

912 1279 1041 1346 orentes,
1062 1276 1109 1335 Nl.
1123 1279 1231 1350 occatjc.
1262 1275 1403 1334 Vexillum
1424 1277 1473 1354 qui
1488 1277 1540 1334 tol·

913 1354 946 1412 lit
972 1352 1085 1430 aggredi
1106 1353 1212 1411 hostem
1236 1352 1323 1411 audet
1343 1360 1371 1411 ct
1390 1353 1488 1411 fortem
1509 1373 1538 1411 se

912 1437 1032 1508 praestat.
1065 1428 1135 1487 Inde
1156 1429 1336 1507 prouerbium
1357 1430 1444 1487 sitast
1454 1433 1538 1505 saen-

913 1508 966 1565 tien
986 1507 1071 1565 athael
1089 1510 1151 1564 nost
1168 1505 1242 1566 lidae.
1268 1506 1321 1564 Jou
1339 1505 1373 1564 de
1389 1507 1465 1564 moed
1476 1511 1540 1576 acet

905 1584 1027 1660 serlern,
1048 1583 1143 1641 Burm.
1164 1586 1209 1641 44.
1229 1615 1268 1628 -
1288 1582 1332 1640 Ne
1353 1602 1469 1660 prorsus
1490 1582 1537 1642 de·

914 1679 1002 1737 ponas
1028 1659 1171 1718 vexillum.
1204 1659 1248 1718 Ne
1268 1660 1392 1719 animum
1417 1660 1538 1738 despon-

913 1737 987 1795 deas.
1015 1738 1118 1796 Praesta
1138 1741 1166 1793 te
1187 1737 1287 1795 virum.

951 1815 1010 1873 Lat.
1033 1833 1153 1889 panisus,
1182 1812 1266 1872 Goth.
1292 1817 1380 1889 sena,
1401 1834 1438 1875 m.
1472 1815 1537 1875 tela.

912 1891 1009 1949 Sana.
1028 1892 1115 1966 sano,
1143 1908 1180 1948 m.
1207 1889 1338 1962 linteum,
1365 1891 1422 1965 (Nl.
1446 1892 1537 1963 taken,

912 1967 1103 2038 deddc-taken.)
1148 1967 1217 2043 Age.
1238 1969 1331 2042 sona,
1356 1987 1392 2027 m.
1428 1969 1537 2045 huga.

212 2043 321 2104 nummi
341 2042 500 2102 adulterini.
532 2044 625 2102 Folsce
644 2045 737 2115 latua,
763 2064 837 2102 surae
905 2047 993 2118 suae,
1021 2044 1166 2115 vexillum,
1200 2043 1280 2103 le.
1306 2064 1385 2117 caue,
1414 2047 1537 2115 emadan,

212 2118 393 2188 adulterinae;
413 2119 565 2178 convitium
583 2121 723 2179 exhaustae
738 2121 838 2198 puber·

212 2199 288 2268 tatis,
309 2195 386 2274 quod
406 2196 489 2255 Frisii
508 2197 626 2256 inauris
647 2198 769 2257 nervosis
790 2217 837 2276 po·

212 2275 315 2333 nebant
335 2273 392 2332 vim
412 2273 574 2333 masculam.

174 2351 331 2420 uanam,
357 2350 435 2409 aba.
462 2350 495 2409 F.
504 2368 528 2409 v.
548 2355 639 2409 aratro
659 2355 765 2410 vertere
785 2357 838 2410 ter·

213 2448 280 2487 ram.
326 2426 415 2485 Sami.
438 2428 550 2503 jalgeii,
580 2431 653 2503 Aug.
683 2433 709 2486 to
729 2429 860 2510 salleio.)

211 2505 292 2564 le.
311 2504 428 2578 calphos,
452 2522 571 2562 versare.
602 2504 704 2562 Confer
715 2505 799 2581 salpe.

914 2122 1059 2190 vexillum,
1090 2120 1205 2198 proprio
1225 2139 1310 2179 sensu
1330 2121 1461 2199 „panni”
1490 2122 1539 2180 Nl.

912 2198 1001 2275 cloppe
1027 2198 1071 2256 vel
1101 2198 1211 2272 coimpel.
1249 2198 1296 2257 Nl.
1320 2217 1400 2268 acen,
1424 2199 1442 2258 s.
1462 2217 1539 2257 coar·

912 2275 969 2344 dcl,
995 2293 1022 2333 n.
1054 2274 1193 2333 vexillum.
1229 2275 1325 2334 Sasu.
1345 2275 1472 2349 scendet,
1500 2275 1539 2333 la·

913 2351 985 2409 ciuis
1011 2352 1114 2420 lacera,
1141 2370 1251 2427 pannus
1277 2352 1392 2409 lacerus.
1420 2351 1537 2409 Mulier·

913 2428 975 2486 cula
999 2429 1099 2504 stipem
1121 2446 1224 2504 cogens
1244 2426 1311 2485 mihi
1332 2447 1409 2486 suam
1431 2433 1536 2485 vestem

913 2523 1066 2582 pannosam
1106 2503 1293 2573 monstrabat,
1335 2503 1448 2574 diceus,
1494 2505 1537 2562 De

173 2583 303 2658 saliga,
323 2579 607 2651 Beneficiaelboeclr,
628 2580 710 2640 hodie
722 2580 838 2658 settinp,
904 2582 1030 2655 soendcts
1053 2583 1153 2670 hqnpen
1184 2581 1250 2640 mich
1281 2582 1308 2638 a·
1334 2580 1367 2639 de
1384 2583 1434 2639 rolr
1459 2580 1532 2649 acer,

233 2659 251 2716 l.
264 2657 408 2733 sellinges,
429 2656 488 2733 agri
502 2656 621 2715 arabiles
656 2659 790 2716 raesertim
808 2660 837 2716 in

212 2680 421 2810 bongeradtla,
447 2740 507 2790 tum
532 2677 674 2804 orientaii,
702 2742 762 2793 tum
794 2753 838 2792 oc·

214 2810 360 2880 cidcntali,
394 2818 422 2867 et
447 2810 699 2879 Ferwerderadtla,
725 2812 838 2871 altiores

213 2894 241 2946 et
261 2888 404 2946 molliores
424 2886 542 2957 amieria,
567 2887 620 2946 sub
640 2888 749 2946 ditione
769 2907 838 2966 quo·

213 2965 335 3025 rundam
360 2963 500 3033 vicorum,
527 2982 649 3039 quorum
669 2965 770 3022 incolae
791 2984 838 3023 eos

213 3041 328 3100 mutatis
343 3039 452 3096 vicibus
466 3038 610 3110 colebant;
631 3041 758 3129 proprie,
778 3042 838 3116 agri

213 3117 368 3184 versatiles,
384 3114 503 3191 singulis
520 3118 601 3174 annis
616 3117 775 3187 dominum,
789 3136 838 3176 seu

213 3194 308 3272 potius
328 3193 475 3261 colonum,
505 3199 655 3252 mutantes.
695 3195 835 3271 Fatinpea,

213 3272 274 3347 agri
293 3272 323 3329 in
341 3269 623 3345 Euat-dongeradela,
665 3289 733 3348 rope
746 3290 762 3329 a
777 3272 837 3329 sico

213 3349 254 3406 Ee
292 3346 428 3406 orientem
462 3364 574 3405 versus:
606 3290 673 3406 sab.
707 3348 838 3424 Geogral'.

213 3424 353 3483 Sabotani.
392 3423 497 3499 Angv.
516 3424 605 3497 sollo,
630 3423 678 3481 the
704 3424 838 3482 divisione

213 3502 245 3560 oi
270 3521 286 3560 a
311 3501 387 3576 large
411 3499 504 3558 arable
527 3500 593 3558 field
613 3500 742 3560 attached
772 3508 838 3559 toa

214 3578 323 3654 village.
361 3575 529 3653 Anglorlr.
560 3582 587 3635 to
605 3579 674 3652 felt,
706 3585 733 3636 to
760 3596 838 3636 come

213 3655 305 3714 round
329 3651 520 3731 periodically.
551 3652 735 3724 Posthumus,
750 3655 838 3730 Hjou·

214 3730 387 3799 werkoerlre,
409 3732 459 3798 653
480 3748 595 3800 aaran,
617 3738 726 3790 mutare
745 3750 838 3807 agros,

214 3813 267 3878 oo,
289 3812 341 3878 os;
359 3806 425 3864 F.o.
443 3808 627 3880 soors-etum,
649 3827 837 3886 possessorum

210 3882 838 3963 jusexquoquisqaesuariceagrumcolunt.

218 3966 346 4031 Warooe,
374 3979 487 4029 verosa,
515 3979 639 4028 versare,
662 3963 729 4038 Age.
748 3964 839 4021 deeor-

205 4045 277 4118 fon,
297 4042 420 4110 vertere,
446 4042 563 4096 mutare.
593 4038 752 4115 Aliquando
773 4059 791 4096 o
809 4041 839 4097 in

204 4118 312 4195 fatigo,
336 4123 398 4173 tum
422 4113 457 4172 ad
477 4132 492 4172 e
510 4115 538 4172 in
552 4114 803 4191 sellinp,tun1ad
824 4134 839 4173 o

213 4195 353 4330 iiiqwiibe’
374 4191 585 4326 „mundi”
605 4192 709 4327 Confler
723 4194 838 4263 Felaroe,

255 4316 261 4330 .
309 4288 402 4340 cuae,
444 4287 489 4328 ors
537 4286 613 4326 errae
633 4287 665 4326 oo
690 4289 743 4328 ma.

175 4288 513 4429 biit-ialgje‚pvb.a.
549 4344 696 4416 lacessere,
730 4347 838 4405 irritare

210 4427 340 4505 aliquem.

173 4505 294 4573 FANA,
313 4517 405 4571 rous,
426 4519 462 4559 m.
476 4498 506 4558 F.
514 4519 538 4559 v.
560 4499 709 4570 vexillum,
727 4500 838 4576 signum

211 4581 345 4647 militare,
363 4576 440 4656 quod
454 4577 632 4652 magistratus
646 4577 761 4635 tollebat
775 4595 839 4635 cou-

212 4667 256 4718 tra
283 4656 439 4733 legirupas,
470 4653 519 4731 qui
545 4655 677 4713 mulctam
704 4673 759 4712 non
785 4653 839 4711 sol·

213 4735 315 4795 rebant
344 4737 373 4791 ct
403 4735 500 4789 contra
529 4730 655 4790 rebelles.
689 4730 751 4789 lioo
780 4736 840 4789 erat

912 2677 975 2716 ecce
1001 2659 1115 2717 lacinias
1143 2658 1245 2716 laceras
1272 2677 1341 2717 mese
1367 2658 1451 2716 restis
1471 2677 1537 2734 pen·

913 2734 1007 2792 dulasl
1036 2736 1126 2794 Sensu
1147 2735 1244 2793 eodem
1259 2735 1457 2812 ualetflerken,
1477 2735 1537 2793 alas.

951 2811 1092 2870 Vexillum
1115 2811 1214 2869 Frisios
1234 2812 1302 2870 olim
1322 2812 1457 2871 notabant
1476 2830 1537 2888 sep

912 2893 968 2946 lem
999 2888 1074 2946 soliis
1101 2888 1233 3021 nymphae
1261 2889 1292 2947 F,
1309 2888 1535 2966 pompe-bledda,

912 2983 976 3041 quus
1002 2970 1171 3041 repraesenta
1192 2971 1239 3023 ant
1262 2972 1369 3041 septem
1390 2964 1536 3035 Zetandea,

912 3058 993 3116 agros
1013 3040 1180 3111 maritimos,
1205 3041 1235 3099 in
1254 3060 1325 3119 quos
1345 3040 1462 3100 Frisium
1482 3041 1537 3099 dis·

912 3116 1079 3194 pertiebant.
1123 3117 1193 3175 Haeo
1231 3117 1327 3195 planta
1364 3137 1537 3196 quaquaver-

911 3213 972 3251 sum
1000 3194 1029 3251 in
1056 3192 1173 3252 lacubus
1194 3194 1320 3272 etoquia
1362 3194 1536 3253 luviatilibus

911 3270 1007 3329 Frisiae
1027 3276 1130 3328 nostrae
1151 3270 1213 3329 laete
1230 3272 1316 3331 floret.
1390 3272 1465 3331 dices
1480 3271 1537 3347 agit

912 3347 940 3406 iu
961 3346 1062 3417 tundo,
1087 3346 1161 3406 unde
1181 3366 1281 3425 scapus
1301 3349 1428 3407 ascendit
1447 3347 1537 3406 donec

911 3443 942 3482 se
981 3443 1124 3500 emergens
1164 3444 1243 3502 aquae
1282 3444 1314 3483 su
1337 3429 1446 3484 ernatat
1485 3424 1537 3481 ibi·

912 3520 969 3579 que
996 3501 1051 3559 lata
1074 3500 1140 3559 lolia
1160 3446 1387 3577 pompetedde»)
1407 3507 1435 3560 et
1454 3502 1536 3560 flores

912 3578 1088 3655 splendidos,
1115 3577 1174 3636 sive
1193 3579 1285 3649 albos,
1310 3580 1369 3637 sive
1389 3580 1473 3637 flavos
1494 3576 1536 3653 (F.

911 3655 1163 3725 swonnedlommea,
1192 3674 1345 3732 cygnorum
1372 3657 1465 3727 tiores)
1492 3673 1537 3712 ex·

913 3732 1018 3810 pandit.
1048 3731 1154 3789 Similis
1181 3730 1244 3790 huic
1271 3732 1404 3808 nymphae
1434 3738 1476 3788 est
1496 3731 1537 3788 lo·

912 3821 957 3866 tus
987 3807 1167 3885 AEgyptiaca,
1195 3809 1286 3884 imago
1312 3807 1465 3886 symbolica
1495 3807 1537 3865 in·

913 3884 1070 3943 cubationis
1090 3891 1117 3942 et
1131 3885 1280 3944 creationis
1294 3885 1392 3944 mundi
1407 3903 1440 3943 es
1454 3903 1537 3961 aqua.

913 3962 1025 4020 Dicitur
1040 3962 1168 4038 lymphae
1187 3963 1267 4031 totus,
1288 3963 1362 4020 inter
1379 3962 1538 4020 Bolanistas

912 4038 993 4098 audit
1006 4038 1161 4096 aetambiuns
1173 4039 1323 4114 specimm.
1349 4039 1392 4097 Ex
1406 4040 1537 4116 Aegypto

913 4115 1040 4185 evanuit,
1070 4116 1169 4173 crescit
1199 4134 1264 4174 sero
1294 4123 1322 4175 et
1347 4116 1471 4175 luxuriat
1496 4116 1538 4173 in·

913 4212 973 4252 corn
997 4191 1095 4251 arabili
1113 4192 1323 4269 pulchritudine
1337 4193 1366 4251 in
1380 4192 1460 4270 aquis
1474 4192 1538 4270 plu·

914 4213 1053 4328 viatiiibus
1087 4269 1193 4338 ludim,
1233 4268 1282 4328 ubi
1315 4269 1461 4328 Budhistia
1494 4273 1538 4327 est

912 4346 1537 4482 lltttutllthlllltlltlhlthl

913 4501 1011 4569 minae,
1037 4505 1064 4558 et
1084 4443 1116 4557 rit
1136 4500 1282 4579 nymphaea
1305 4501 1380 4559 lotus
1402 4518 1537 4578 superna·

913 4584 954 4636 tat
978 4595 1080 4655 aquam
1111 4577 1225 4636 madore
1253 4579 1371 4649 intacta,
1401 4577 1442 4636 sic
1467 4577 1536 4635 deus

913 4673 943 4713 se
972 4655 1140 4712 commoveri
1167 4674 1222 4713 non
1248 4655 1317 4714 sinit
1342 4653 1483 4715 illecebris
1508 4656 1537 4710 et

914 4732 1064 4808 voluptate.
1108 4731 1182 4789 Hinc
1215 4738 1258 4790 est
1287 4731 1362 4811 quod
1391 4728 1535 4790 Budhistoe
