3256 5310
165 170 221 228 491

429 321 556 384 unum.

204 415 333 493 gignere;
359 414 472 493 Μὰ,
494 417 598 494 dags.
618 416 690 486 brial,
731 417 820 489 ullus,

204 511 255 570 per
280 493 446 552 metathesin
466 495 570 553 laetum
591 499 634 553 est
653 494 695 551 dir
720 540 726 564 ,
748 496 821 572 Aug.

203 583 276 655 bird,
292 583 358 643 nris.
372 585 437 645 Jun.
453 586 497 645 lat.
512 585 579 644 bird.
595 586 686 644 Graeei
707 573 820 657 νύμφη,

204 680 306 738 sponsa
333 668 361 720 et
388 662 502 721 olitoris.
532 662 684 721 Grimmius
704 663 821 740 stirpem

204 737 306 872 puaerit
344 738 374 797 in
410 739 553 799 Sanslrita
591 759 656 798 roes
683 740 820 816 prandia,

224 815 411 875 omns-duetio
443 836 542 886 ourru,
579 836 662 894 quem
702 823 821 876 tractum

205 892 257 950 viri
278 893 406 964 maximi,
430 893 496 952 lieet
515 894 544 952 iu
566 894 691 952 auiosum
712 899 740 952 et
759 894 822 953 doo-

206 975 287 1058 tupr,
301 969 375 1059 haud
396 970 476 1030 facile
497 915 599 1048 probo,
623 971 699 1048 quod
720 990 821 1029 nomen

205 1051 378 1180 prrmrtrvum
407 1067 517 1124 sponsae
544 1052 572 1105 et
591 1049 685 1106 uxoris
703 1047 823 1108 arbitror

216 1141 289 1198 onge
329 1131 392 1182 ante
429 1124 702 1184 domus-ductionem
738 1144 823 1202 spon·

207 1217 245 1257 sse
265 1218 349 1258 ourru
368 1201 555 1259 introductam
577 1221 644 1260 esse.
674 1201 756 1260 Adde
776 1221 822 1258 vo·

206 1277 295 1334 nalem
322 1277 388 1336 ain
417 1278 500 1336 Goth.
520 1279 624 1348 brutis,
654 1279 721 1355 Aga.
741 1278 821 1356 bryd,

206 1351 296 1410 Alam.
316 1354 391 1424 brut,
413 1355 556 1430 praeivisse
576 1355 730 1433 diphtongo
743 1376 779 1412 au
792 1356 821 1413 in

205 1428 262 1487 Hd.
289 1431 376 1491 baut.
409 1431 443 1490 In
463 1432 648 1490 matrimoniis
669 1432 822 1490 Germano·

204 1526 269 1566 rum
284 1527 387 1585 sponsa
407 1509 512 1586 primus
532 1509 632 1586 agebat
645 1505 822 1587 partes3'illa

205 1584 281 1642 euim
313 1604 399 1645 suum
432 1605 534 1644 nomen
568 1605 625 1644 non
660 1585 779 1645 habebat
805 1606 822 1644 a

204 1680 324 1739 sponso,
345 1662 394 1721 sed
415 1682 538 1740 sponsus
558 1683 573 1720 a
594 1681 713 1740 sponsa:
735 1662 821 1721 Gothi

204 1738 383 1814 bethsetta,
404 1740 467 1798 nv.
487 1740 655 1816 breidqome.
686 1739 822 1798 Similiter

206 1830 298 1888 Graeoi
327 1817 469 1900 νυμφίος,
496 1849 636 1908 sponsus,
664 1820 820 1901 arundel,

205 1926 319 1985 sponse.

205 2001 399 2147 lempst
415 2000 731 2154 ruilitilllruillltmmdlrpllis
746 2000 824 2145 getii

205 2153 329 2232 proprie,
350 2173 412 2212 mea
425 2154 517 2230 neptis
531 2157 631 2229 (muts)
650 2153 728 2212 sedet
742 2154 821 2230 quasi

205 2249 271 2289 vero
291 2251 354 2290 oum
375 2250 478 2307 sponsa
492 2231 620 2290 venisset.
649 2231 705 2289 Ubi
718 2250 822 2307 sponsa

205 2309 300 2366 affines
330 2308 424 2367 visitat
449 2327 513 2366 oum
540 2307 738 2385 paranymphis
764 2308 822 2365 suis

204 2384 248 2442 hae
268 2391 300 2442 ut
320 2385 441 2443 minores
461 2390 561 2443 tacent.
592 2384 646 2442 Pro
659 2385 696 2442 rit
708 2403 764 2461 quo
786 2403 822 2442 ue

205 2461 382 2538 frequentant
413 2461 512 2530 adsit,
546 2460 640 2530 videt,
672 2479 710 2518 so
743 2403 821 2519 vriltu

206 2539 360 2615 oomposito
387 2539 417 2596 iu
442 2538 655 2596 solemnitatem.

244 2631 375 2690 Solemus
408 2629 476 2707 quid
505 2629 645 2687 habebant
677 2634 705 2687 st
734 2627 823 2687 severi

207 2708 282 2784 apud
309 2707 429 2777 Frisios,
456 2726 520 2784 quae
543 2706 579 2765 ad
600 2707 741 2782 sponsalia
761 2725 823 2782 per·

207 2785 306 2844 tinent.
338 2785 415 2842 Iuler
440 2783 644 2861 supellectilem
668 2789 696 2841 et
716 2789 822 2854 vestes,

205 2862 308 2939 quibus
342 2867 470 2937 parentes
501 2862 633 2936 conjuges
663 2860 823 2932 donabunt,

207 2944 287 2996 erant
307 2938 389 2995 etiam
410 2936 556 2994 amborum
575 2938 695 2996 amioula
712 2936 822 3009 feralia,

206 3013 235 3072 in
250 3013 353 3091 quibus
366 3032 461 3070 eorum
472 3012 606 3071 cadavera
616 3013 700 3071 humo
712 3013 822 3071 manda·

206 3096 316 3158 rentur;
337 3088 444 3147 seilioet
464 3089 611 3164 ospitium,
632 3089 775 3148 indusium
795 3095 824 3146 et

206 3185 316 3302 tttt'
333 3166 536 3300 littattt
550 3165 824 3319 ttltttthttt

206 3320 317 3379 bantur.
338 3318 507 3409 Soheltema,
530 3323 573 3377 84.
607 3318 731 3377 Similem
746 3338 824 3396 pror·

206 3417 257 3534 tt:
276 3415 385 3534 ttttt
402 3395 824 3551 ltttttttsttttltltt

205 3554 364 3628 marriape):
385 3549 466 3620 „The
480 3550 558 3608 bride
572 3558 698 3628 presente
712 3555 759 3608 the
770 3551 825 3608 bri·

208 3630 363 3706 „degroom
378 3627 442 3685 with
457 3627 500 3685 his
513 3627 741 3704 marriage-abitt.
755 3627 823 3717 This

208 3703 679 3853 3inlinimillrliii‘iidilli
691 3703 781 3838 ,tlt
799 3723 823 3838 l}

208 3864 262 3930 „to
288 3858 322 3915 be
348 3863 403 3934 put
429 3875 466 3915 on
491 3858 548 3914 him
568 3857 639 3915 alter
658 3857 766 3914 death.’'
785 3890 824 3902 —

206 3935 325 3995 Nubens
362 3952 464 4012 sponsa
501 3932 599 3993 eadem
635 3939 712 3992 reste
747 3933 823 4009 apud

206 4013 313 4073 Frisios
334 4017 393 4070 eret
413 4010 526 4081 induta,
553 4030 608 4088 qua
627 4011 712 4069 funus
731 4010 824 4068 mariti

207 4095 271 4149 ante
300 4088 379 4148 illam
409 4088 552 4147 morientis
582 4093 711 4146 secutura
740 4094 822 4146 esset.

207 4164 388 4243 (Frieslaudt,
399 4165 563 4224 Schotanus.
576 4168 658 4223 leus.
669 4166 733 4242 tlp.
748 4168 822 4239 288.)

208 4243 292 4321 Apud
307 4242 533 4320 Hindelopenses
547 4261 666 4320 sponsus
681 4248 708 4300 et
720 4260 824 4319 sponsa

207 4321 253 4380 die
266 4321 428 4397 nuptiarum
442 4320 525 4379 ambo
539 4318 648 4378 funebri
659 4318 823 4377 vestimento

206 4397 299 4457 induti
318 4403 409 4467 eraut,
430 4416 486 4474 quo
506 4396 560 4455 sibi
578 4396 697 4455 iuvioem
710 4395 823 4454 immor·

207 4475 292 4533 talem
325 4472 408 4532 fidem
442 4473 649 4552 pollicerentur.
688 4470 823 4531 Secundae

1381 163 1386 178 ⁸
1455 176 1513 234 492

1119 326 1249 387 BRllID.

895 417 978 478 rienti
1005 419 1112 478 soluere
1133 419 1271 479 volebant.
1301 419 1377 479 Nota
1397 419 1514 480 Scandi-

895 515 980 554 nuvos
997 497 1069 555 sein
1083 516 1148 575 pom
1171 516 1187 555 e
1200 497 1320 575 nuptiali
1335 497 1410 556 lento
1424 497 1515 574 gradu

895 573 1080 664 promovisse,
1101 517 1175 633 uncle
1189 593 1244 632 vox
1262 575 1309 633 lsl.
1323 575 1513 709 brath-paup,

896 669 1020 709 incessus
1041 651 1180 743 ¹nuptialis
1201 651 1395 710 minutissimis
1426 652 1514 712 entis·

896 727 1256 863 quirill⁸¹lrl⁵illiirisr
1284 805 1360 862 nes
1387 805 1410 862 a
1440 805 1514 882 qaeu

895 881 1021 940 desum
1041 887 1066 939 te
1085 883 1171 950 ierem
1192 883 1288 940 Burm:
1305 885 1352 951 18,
1374 881 1458 940 inane
1472 888 1513 939 est

896 958 997 1017 dooere
1016 959 1128 1019 invitos.
1164 961 1214 1036 Wy
1224 960 1292 1016 sebit
1304 958 1325 1017 't
1336 959 1387 1016 rool
1397 958 1511 1028 sebielre,

896 1035 945 1093 det
969 1035 1001 1092 de
1027 1035 1104 1094 hreini
1126 1036 1168 1093 ira
1191 1036 1247 1111 poe’
1269 1037 1370 1093 arbutei
1388 1035 1513 1124 Irriippet,

897 1113 993 1170 Burm.
1013 1117 1064 1180 ts,
1084 1113 1123 1172 ita
1142 1131 1257 1183 agemus
1277 1117 1308 1170 ut
1328 1111 1448 1188 dignion
1465 1111 1515 1169 ho·

896 1208 946 1247 nos
961 1188 1103 1248 habeatur.
1122 1223 1162 1234 —
1177 1190 1276 1247 «lemme
1287 1208 1345 1266 moy
1361 1209 1374 1245 e
1387 1188 1419 1246 de
1431 1188 1517 1261 dre'p'd

895 1267 946 1324 rool
974 1267 1089 1337 multis,
1121 1267 1216 1325 Burm.
1247 1267 1298 1337 31,
1329 1209 1405 1339 (licet
1435 1264 1515 1323 vobis

896 1361 1010 1420 posoere
1030 1347 1173 1420 sponsam)
1194 1344 1306 1401 fortuna
1326 1341 1515 1400 secundanos

896 1418 989 1478 reddit
1008 1421 1135 1479 audaces.
1158 1453 1197 1465 —
1219 1421 1265 1476 len
1285 1421 1385 1494 tsjeppe
1403 1419 1481 1475 breid
1492 1419 1516 1476 is

894 1495 1516 1630 detestabilitate

893 1649 987 1706 robore
1012 1648 1092 1706 braid
1115 1616 1139 1705 ii
1164 1591 1411 1723 homibepurend.
1444 1648 1515 1704 Esne

894 1726 964 1784 uuile
987 1725 1066 1782 braid
1083 1725 1187 1801 beboefl
1205 1725 1259 1782 veel
1278 1725 1392 1799 optabile.
1412 1755 1451 1767 -
1471 1725 1515 1798 By

895 1801 1045 1860 eundernde
1064 1801 1169 1859 beiden
1184 1803 1262 1876 pesje
1279 1801 1416 1858 lrlr'tserras
1429 1800 1515 1857 breid-

894 1880 998 1948 eisters,
1017 1879 1094 1937 Sooti
1113 1878 1230 1937 Boauled
1244 1877 1331 1935 drides
1343 1876 1437 1935 should
1448 1878 1514 1935 bone

896 1955 972 2014 bor’d
988 1955 1119 2026 maidens,
1140 1954 1240 2032 Kelly,
1262 1954 1306 2014 73.

858 2047 1096 2119 braid-boul,
1125 2049 1188 2106 ltu.
1217 2047 1287 2105 sella
1316 2064 1435 2136 sponsae.
1466 2045 1516 2104 lsl.

895 2126 1077 2194 omri-sera,
1104 2125 1184 2183 sedes
1212 2123 1301 2183 minor
1326 2142 1356 2181 ru
1376 2141 1431 2200 qua
1452 2140 1516 2180 oum

895 2221 1000 2279 sponsa
1019 2201 1135 2260 sedebat
1153 2220 1289 2278 sponsus;
1312 2198 1393 2258 sedes
1413 2198 1515 2275 major,

896 2279 925 2338 in
952 2298 1008 2356 qua
1034 2298 1138 2367 sponsa
1165 2277 1280 2336 sedebat
1305 2295 1369 2335 oum
1389 2275 1448 2335 suis
1470 2296 1517 2354 pa·

895 2356 1069 2500 utristi,
1085 2355 1177 2489 tut.
1195 2352 1515 2508 lltttttdttltl

895 2527 977 2566 usum
998 2508 1122 2586 plurium
1143 2507 1309 2566 eommunis.
1331 2545 1337 2559 ·

858 2598 1097 2676 braid-gome,
1113 2599 1175 2658 nv.
1189 2603 1312 2675 (sponsae
1325 2598 1419 2672 homo)
1433 2617 1517 2675 spon·

897 2696 953 2735 sus.
983 2677 1050 2752 Aga.
1076 2676 1244 2752 brydpuma,
1277 2675 1359 2734 Frisii
1380 2675 1469 2734 nostri
1489 2682 1518 2733 et

897 2754 996 2813 insulae
1023 2753 1076 2811 Silt
1097 2771 1240 2830 proporro
1260 2751 1460 2822 habentem,
1486 2751 1517 2810 F.

896 2833 1067 2907 Broepeman,
1087 2831 1254 2906 breppeman,
1274 2830 1443 2905 brrlpyemaa,
1463 2829 1517 2887 Silt

896 2908 1036 2965 bid-man·
1068 2907 1280 2983 componuntur
1306 2907 1459 2982 hrepperrrarr
1483 2924 1517 2964 ex

896 2984 961 3042 dred
986 2990 1014 3041 et
1034 3003 1145 3059 pensam
1172 2984 1328 3058 druppeman
1347 3002 1381 3041 ex
1400 2981 1469 3040 brad
1488 2988 1517 3040 et

893 3080 1001 3138 pensan,
1034 3080 1086 3137 per
1114 3059 1346 3118 assimilationem
1376 3060 1465 3118 litera
1490 3059 1517 3117 d.

901 3138 1016 3207 (lemos,
1051 3137 1092 3195 vir
1125 3137 1225 3196 socius.
1267 3138 1336 3194 Mos
1369 3142 1398 3194 et
1423 3154 1519 3212 penas

918 3221 962 3273 ost
990 3214 1105 3272 nomina
1135 3213 1248 3289 propria
1274 3214 1332 3271 sere
1359 3213 1518 3290 promiseue

896 3234 1042 3350 labentur.
1084 3291 1248 3348 Hiddeman
1281 3290 1329 3346 tat
1361 3309 1409 3364 eyn
1438 3291 1519 3348 aeonlr

895 3368 1009 3438 bohen,
1036 3368 1127 3426 innuit
1148 3385 1266 3444 puerum
1287 3365 1451 3424 Hiddonem
1471 3385 1518 3425 ou·

893 3442 1520 3609 111312.ῖὲ“..11ἰ.ΐῑέ;..1ῖῗέῑ1’;1ἲ

897 3598 941 3657 tis.
981 3598 1094 3657 Plenius
1123 3597 1270 3655 Alamanni
1295 3615 1432 3672 pommus,
1462 3597 1519 3667 vir,

897 3675 1029 3744 maritus,
1059 3674 1144 3733 Graff.
1173 3675 1211 3733 Il.
1243 3674 1306 3732 142.
1336 3673 1412 3732 Sooti
1438 3673 1521 3749 qood·

896 3773 958 3809 marr
1003 3751 1148 3828 pudentes,
1182 3751 1266 3809 herus
1295 3750 1419 3809 familiae.
1447 3750 1521 3810 Jam.

897 3829 930 3886 Iu
958 3798 1060 3887 dhartis
1087 3831 1159 3904 Aug.
1185 3828 1265 3885 bonus
1288 3827 1382 3896 nso,
1409 3826 1521 3886 villieus

897 3904 943 3963 eui
963 3912 1005 3963 est
1024 3905 1137 3964 familia.
1152 3904 1256 3981 Gange.
1269 3936 1309 3948 ·-
1322 3902 1410 3961 Gothi
1430 3904 1521 3962 brati-

887 3998 986 4071 fatia,
1009 3981 1214 4060 Graeciaro'rrr.
1235 3996 1369 4065 maritus,
1390 4013 1521 4073 sponsus,

897 4071 927 4130 F.
947 4072 1017 4146 frid,
1046 4078 1158 4131 curator
1183 4079 1210 4130 et
1231 4073 1332 4131 fautor.
1362 4071 1449 4146 Angli
1469 4092 1524 4149 pro

894 4168 971 4227 poem
990 4149 1018 4206 in
1040 4149 1213 4223 bride-poem,
1237 4150 1342 4207 inserta
1369 4168 1397 4218 r,
1420 4149 1524 4208 habent

897 4226 1085 4302 brideproonn
1106 4233 1147 4283 An
1170 4271 1175 4282 .
1186 4245 1292 4302 proorn,
1313 4226 1450 4296 seruulus,
1472 4244 1523 4303 pe-

897 4304 1059 4380 dissequus,
1081 4310 1112 4360 ut
1130 4246 1209 4362 va.
1222 4323 1312 4379 prom,
1333 4303 1413 4377 (Kil.)
1434 4321 1523 4380 puer,

897 4400 952 4459 pro
974 4400 1041 4457 pora.
1068 4380 1139 4455 Aug.
1165 4399 1240 4450 mea,
1267 4381 1368 4450 homo,
1397 4379 1522 4456 pedisse·

897 4477 980 4536 quus.

207 4551 314 4628 nuptiae
327 4549 476 4609 viduamm
489 4551 519 4608 iu
533 4548 823 4637 nulloeranthonpre.
859 4548 1067 4639 braid-hus,
1088 4568 1115 4607 n.
1135 4548 1198 4608 nv.
1218 4567 1329 4627 sponsus
1349 4534 1459 4608 domus.
1486 4548 1520 4608 F.

208 4627 659 4782 {turtlthutttttt
673 4644 824 4780 ,tritt
859 4626 1105 4777 stitit..
1136 4701 1320 4772 annam,
1353 4719 1451 4763 rann
1477 4718 1523 4761 ..-

119 4950 234 4975 A
