3256 5310
117 221 152 281 21

154 453 196 513 Hi
213 451 250 512 sit
265 472 302 532 yn
321 452 513 523 omniomi,
533 449 562 510 in
576 454 714 528 potestate
728 452 771 509 est

155 531 283 601 danistae,
324 530 354 589 ui
374 531 433 603 ejus
453 529 571 589 dilaniat
591 547 666 605 opes.

116 608 281 678 eswich,
303 550 442 677 larario,
462 606 515 682 adj.
537 625 651 675 avarus,
676 624 769 682 rapax.

117 686 244 753 AERNE,
264 701 374 752 mnus,
396 700 489 753 suus,
509 683 620 751 assus,
640 682 701 740 adv.
721 681 770 740 ali-

154 762 226 821 cubi.
265 764 330 838 Aga.
356 783 425 831 cern,
447 781 525 830 sarrs,
550 780 609 829 ero,
629 761 707 817 locus
727 779 769 817 se·

154 839 270 908 metior,
301 839 505 907 habitaculum,
531 837 682 912 tugurium.
721 836 769 894 Nl.

153 935 259 992 cepam
289 916 356 973 uu.
377 935 485 990 arpena,
515 915 600 972 cirrus.
639 914 671 970 F.
691 914 770 971 dener

153 993 264 1050 tornae?
289 992 345 1049 Ubi
359 992 487 1069 uspiam?
507 992 574 1050 uu.
593 989 771 1048 Wor-cirrese?

153 1069 237 1127 idem.

115 1145 262 1214 nearne,
286 1145 347 1203 arlr.
368 1144 476 1203 nullibi.
515 1144 581 1202 Ru.
601 1144 714 1212 ndreae,
735 1144 766 1201 F.

152 1223 248 1280 uterne
272 1227 316 1278 net
336 1221 447 1295 (nullibi
467 1224 536 1293 non)
556 1220 657 1278 nullibi
681 1227 768 1278 terra·

153 1319 223 1357 rum.
248 1299 312 1355 Duo
334 1299 462 1374 negativa
482 1297 580 1355 Graeco
598 1297 767 1355 morevehe·

152 1376 274 1433 mentius
296 1379 407 1452 negant.

115 1452 209 1521 AERS,
229 1451 315 1519 tans,
336 1472 377 1528 eg.
395 1451 501 1527 podex,
521 1469 604 1519 auus3
624 1451 648 1508 si
663 1451 698 1508 de
713 1450 766 1508 vir·

153 1528 216 1603 gine
248 1528 337 1585 nubili
368 1529 411 1585 vel
441 1527 557 1586 muliere
588 1547 678 1586 sermo
711 1533 766 1598 est,

153 1602 202 1681 per
236 1605 473 1681 euphemismum,
499 1622 569 1662 auus
595 1609 622 1662 et
648 1625 766 1675 cunnus,

152 1682 242 1739 simul.
276 1716 315 1726 -
341 1685 406 1756 Aga.
436 1700 510 1750 ears,
530 1700 567 1738 m.
594 1684 698 1757 ΑΨ.
724 1702 768 1740 ers

152 1763 222 1834 Aug.
251 1778 322 1828 arse,
348 1759 413 1816 Hel.
442 1778 519 1827 nors,
540 1778 575 1815 m.
595 1791 634 1802 —
655 1759 765 1817 Pbrasis

1090 373 1180 434 AERS.

841 449 872 510 in
905 455 989 530 eaput
1008 451 1128 512 devolvi.
1165 453 1237 530 Aug.
1250 471 1275 512 r.
1295 471 1356 514 orac
1373 469 1457 527 oeae,

842 528 942 606 upside
963 529 1059 600 doun,
1080 532 1152 606 Aug.
1172 533 1344 609 topaydrrny.

881 608 959 664 Pron.
985 610 1031 683 Dp
1056 607 1086 664 di
1111 607 1169 665 tora
1196 608 1275 666 tamt
1300 612 1357 667 mot
1381 628 1415 685 ep
1434 608 1458 668 ’e

841 684 951 756 dtjirren.
969 686 1044 752 aitte,
1065 685 1136 759 Aug.
1155 685 1224 742 Wlso
1242 686 1321 744 durna
1339 687 1382 743 to
1396 705 1456 745 orae

840 766 923 819 wenta
942 765 969 818 to
988 762 1025 818 sit
1043 780 1075 818 on
1096 763 1138 817 tlte
1151 761 1280 820 bladders.
1296 763 1385 820 -Di
1396 763 1456 822 (ors

840 842 905 894 soret
929 838 953 895 it
981 839 1057 908 dero,
1087 837 1237 914 epidermis
1272 839 1350 897 rimae
1380 839 1455 899 iuter

841 921 933 984 nates,
953 915 1056 972 sudore
1076 920 1105 972 et
1124 915 1251 974 frictione
1271 916 1348 985 laesa,
1368 916 1455 975 cruda

842 990 941 1048 infanti
979 996 1028 1049 est.
1068 1024 1107 1036 —-
1144 992 1210 1067 Aga.
1250 992 1360 1062 saraed,
1399 992 1454 1051 ad'.

840 1067 889 1143 qui
915 1074 989 1126 retro
1010 1073 1059 1126 est
1099 1068 1185 1126 Forte
1204 1068 1239 1126 ab
1259 1072 1319 1127 tora
1337 1073 1370 1127 ut
1387 1069 1455 1129 He.

837 1144 973 1218 poisoned,
990 1148 1130 1214 ocreatus,
1144 1164 1161 1203 a
1173 1146 1259 1215 lacre
1273 1164 1354 1204 ocrea
1359 1170 1367 1215 ;
1382 1148 1454 1222 Aug.

839 1220 930 1289 erret,
967 1220 1042 1298 quod
1076 1221 1105 1279 in
1138 1221 1233 1280 lexicis
1267 1223 1338 1298 Aug.
1369 1223 1453 1282 deest.

839 1298 910 1396 Aug.
949 1300 994 1355 Do
1018 1303 1064 1356 not
1088 1299 1133 1373 dep
1158 1299 1274 1356 dreeedm
1293 1301 1361 1374 oso
1379 1301 1454 1357 dore·

840 1374 914 1431 arad
931 1394 1000 1432 mon.
1039 1376 1115 1452 Ray,
1137 1394 1163 1450 p.
1184 1378 1210 1432 3.

877 1451 910 1508 Iu
932 1450 1077 1527 phrasibus
1097 1451 1188 1509 citatis
1207 1470 1259 1528 pro
1276 1453 1336 1509 tora
1348 1451 1453 1530 ubique

837 1526 969 1585 substitui
988 1533 1082 1604 potest
1092 1533 1147 1604 pat.
1171 1529 1242 1585 Bora
1254 1528 1360 1586 urbano
1373 1548 1454 1587 usur-

838 1608 934 1681 patnr;
955 1610 1017 1679 pot,
1044 1623 1129 1674 snus,
1156 1610 1253 1664 contra
1271 1605 1302 1662 iu
1325 1624 1453 1664 sermone

838 1681 1000 1756 proletario,
1027 1681 1082 1739 nisi
1101 1682 1218 1757 figurate
1238 1682 1325 1751 valet,
1349 1701 1391 1741 ex.
1412 1701 1453 1759 gr.

836 1759 866 1814 It
900 1759 964 1832 dirrp
998 1759 1035 1815 ait
1070 1777 1103 1833 op
1141 1778 1190 1835 syo
1218 1763 1281 1833 pot,
1318 1777 1363 1816 res
1395 1779 1450 1818 uon

152 1854 185 1893 ex
205 1834 299 1904 trivio,
321 1838 379 1893 Det
397 1835 498 1908 relisis
516 1841 565 1892 nat
582 1836 673 1894 erarico
692 1855 725 1910 op
745 1837 767 1894 ’e
838 1834 969 1911 procedit.

151 1914 223 1981 etr-rs,
244 1916 311 1985 (uon
333 1913 422 1990 parcit
442 1932 493 1970 suo
514 1912 633 1988 pudici),
655 1913 766 1971 faemina
799 1910 941 1981 tarskc,
969 1931 996 1969 n.
1024 1931 1093 1969 auus
1120 1931 1230 1989 parvus.
1255 1913 1362 1970 Ntoden
1380 1912 1451 1969 tara·

152 1989 294 2064 prostituit
333 1989 496 2066 pudicitiam
534 2008 620 2047 suum.
661 2023 699 2033 -·
739 1992 767 2047 It

151 2068 213 2123 bern
236 2067 297 2139 feel
321 2067 372 2122 ruet
401 2065 430 2122 di
455 2066 514 2123 tore
537 2087 573 2141 pn
603 2068 622 2122 t
644 2067 765 2136 modder,

836 1989 894 2057 tes,
928 1990 966 2065 pl.
1002 1989 1091 2064 (parvi
1127 1989 1173 2046 aui
1207 1988 1287 2061 nudi)
1324 1987 1452 2066 primulae

838 2064 908 2122 veris
933 2065 1091 2142 (galauthus
1111 2065 1230 2139 nivalis.)
1264 2063 1296 2123 F.
1306 2084 1333 2124 u.
1353 2066 1453 2123 maere

151 2143 244 2201 inlisus
271 2141 386 2200 cadebat
412 2148 486 2199 totus
513 2147 633 2218 quantus
655 2144 685 2201 iu
706 2162 766 2202 ooe·
835 2143 956 2210 meister,
977 2141 1073 2216 (nudre
1093 2141 1237 2218 puellulae)
1257 2141 1340 2200 idem.

152 2238 228 2277 num.
258 2220 291 2277 ol.
332 2219 374 2276 rlu

152 2315 168 2352 a
189 2295 238 2353 lull
258 2315 293 2353 on
315 2296 360 2352 tlre
377 2239 450 2353 back
457 2320 465 2364 ;
485 2297 556 2370 Aug.
575 2296 765 2366 disertmort,

151 2372 234 2430 idem.
254 2371 454 2430 Statiordshire.
474 2405 513 2417 -
564 2373 585 2445 ij
595 2373 720 2430 innectier
735 2373 767 2430 de

150 2469 206 2507 eers
225 2451 292 2522 erijt,
312 2468 341 2506 se
361 2448 477 2525 surripit
496 2469 511 2506 e
531 2449 666 2524 periculo,
686 2451 731 2506 vel
751 2470 766 2507 e

150 2547 179 2584 re
197 2527 293 2595 dubia,
315 2527 359 2583 vel
380 2546 395 2583 e
415 2526 553 2584 consortio
567 2526 705 2584 sumtibus
719 2527 766 2585 ob

149 2604 240 2662 noxio.
260 2604 392 2660 Burman.
416 2603 459 2662 27.
492 2605 533 2660 liz
552 2604 581 2660 di
597 2604 655 2661 tora
667 2605 765 2679 dinpje,

149 2680 337 2754 tergiversari,
371 2681 441 2755 Aug.
475 2686 501 2737 to
531 2681 600 2755 Irarrp
629 2700 664 2738 nn
694 2700 765 2750 orae,

148 2757 270 2815 Holsatii
299 2755 370 2830 (lV,
399 2760 473 2830 193).
502 2759 547 2815 He
576 2759 657 2833 donpt
676 2759 718 2815 sit
736 2759 766 2816 in

148 2834 174 2891 'n
200 2854 271 2892 nors.
311 2832 425 2910 Proprie
453 2834 526 2891 valet
553 2833 587 2891 de
614 2853 699 2923 porco
721 2836 765 2892 vel

397 2239 441 2276 .v.
468 2222 607 2293 arrepunt,
641 2221 765 2290 Howell,
799 2217 1031 2288 ears-hillen,
1052 2219 1090 2294 pl.
1114 2224 1205 2288 uates,
1224 2218 1289 2276 Hel.
1308 2237 1452 2277 nors-soon·

834 2315 900 2370 pen,
915 2294 971 2352 Kil.
985 2295 1143 2364 aere-billeis,
1154 2300 1240 2352 nates.
1260 2296 1381 2369 power
1389 2300 1451 2353 nto-

837 2372 902 2429 lsene
912 2371 1047 2429 ceratitlen
1059 2372 1188 2448 diripe-ee
1198 2391 1273 2448 perr.
1303 2372 1370 2442 Me,
1385 2391 1452 2449 qua·

837 2453 901 2506 tuor
920 2447 1010 2506 nudas
1029 2455 1109 2506 untes
1128 2447 1159 2506 in
1173 2467 1261 2506 uuum
1275 2448 1449 2519 conducunt,

836 2526 853 2583 i.
875 2546 898 2583 e.
918 2544 1026 2601 pauper
1043 2525 1085 2582 vir
1105 2544 1167 2583 eum
1189 2545 1313 2603 paupera
1333 2525 1450 2584 muliere

836 2601 1045 2660 matrimonium
1064 2601 1123 2660 init.
1143 2635 1182 2646 --
1201 2604 1249 2680 Hp
1268 2603 1315 2660 wit
1336 2608 1398 2676 nest
1417 2621 1450 2677 op

837 2685 890 2748 sont
918 2679 1011 2737 ceratii
1039 2679 1128 2737 datter
1146 2680 1209 2737 aitte
1226 2680 1307 2749 cedit,
1338 2680 1383 2738 cui
1403 2698 1451 2740 na·

836 2756 907 2815 tium
927 2755 1023 2814 sedeat
1043 2755 1142 2827 nescit,
1161 2756 1179 2816 i.
1200 2776 1223 2815 e.
1239 2755 1341 2814 dubius
1355 2755 1451 2816 haeret.

836 2833 968 2891 Burman.
991 2836 1035 2891 29.

100 2925 102 2930 ·
148 2911 260 2969 homine
281 2910 372 2979 ebrio,
399 2909 447 2986 qui
467 2915 541 2969 retro
554 2910 704 2970 iuolrnutus
718 2931 766 2989 pe·
798 2909 1048 2979 sors-drentel‚
1069 2929 1111 2987 cg.
1130 2911 1192 2970 Ro.
1213 2911 1364 2987 puerulus;
1405 2928 1450 2968 ro·

149 2987 198 3046 des
228 2987 288 3064 tigit
315 3007 407 3064 neque
433 3007 462 3045 se
488 2988 625 3046 acomite
645 2989 765 3065 propelli

148 3065 222 3122 sinit.
269 3066 357 3121 Autor
377 3063 493 3122 eximius
518 3065 655 3140 poematis
674 3065 765 3123 Hadi-

148 3141 211 3199 bras
244 3142 385 3216 eleganter
417 3142 468 3200 hac
494 3141 587 3218 phrasi
613 3161 679 3199 usus
709 3146 764 3210 est;

835 2987 910 3066 pris,
931 2986 977 3044 aui
990 2986 1125 3064 pusillum
1138 2993 1252 3046 stercus.
1272 2987 1328 3046 Kil
1348 3031 1365 3058 „
1392 3005 1451 3045 reu·

835 3110 851 3136 „
868 3065 1008 3133 teteerlceo,
1036 3063 1185 3122 homuncio
1206 3064 1337 3139 globosus
1344 3089 1351 3132 ;
1378 3083 1452 3141 mys-

836 3189 851 3212 ,‚
864 3141 948 3210 celus,
963 3140 1042 3198 uanis
1053 3139 1205 3201 eruribus.'’
1219 3141 1360 3200 Rdrentel
1368 3140 1451 3210 idem,

149 3220 184 3275 ol.
204 3219 297 3276 locum
317 3217 392 3294 apud
411 3218 586 3276 Johnsonum
600 3238 623 3275 v.
643 3238 710 3277 arse.
726 3252 764 3263 -
835 3217 911 3296 quod
928 3218 1031 3276 confer.

150 3296 223 3352 Attea
248 3296 272 3352 ia
298 3296 326 3351 cd
348 3316 385 3370 po
413 3295 435 3352 ’e
460 3315 516 3353 conr
541 3295 591 3352 iod
614 3295 667 3352 dos
692 3296 766 3354 teau
797 3291 1014 3371 ears-leyer,
1035 3314 1076 3370 eg.
1097 3294 1221 3352 chartula
1241 3294 1277 3353 ad
1296 3298 1451 3352 anumter·

150 3376 214 3430 rroet
239 3373 289 3428 orei
315 3372 344 3428 di
363 3373 421 3428 ears
440 3390 473 3446 op
497 3372 565 3440 ted,
592 3391 689 3430 omnes
705 3373 765 3448 jam

149 3450 255 3506 instant
284 3450 362 3525 operi
393 3455 421 3505 et
450 3455 481 3505 tu
512 3449 591 3525 pigre
621 3449 709 3506 haeres
735 3449 764 3507 iu

151 3527 230 3583 lecte.
255 3559 294 3569 -
318 3524 414 3582 Greboe
432 3526 538 3594 iarael,
559 3525 625 3583 wilte
644 3526 764 3594 trocleis,
798 3525 894 3585 ears-

150 3605 221 3678 Ang.
240 3604 324 3660 (trent
340 3621 423 3670 arses,
441 3602 507 3658 aeide
520 3603 645 3671 breschon,
660 3601 765 3677 (magni

150 3680 211 3748 ani,
240 3680 309 3737 lirare
337 3678 453 3751 bracca)
479 3699 529 3754 pro
549 3679 668 3736 hominis
692 3685 766 3737 sorte

149 3764 215 3815 suut
235 3757 295 3832 ejus
314 3764 436 3823 sumtus,
452 3776 542 3832 usque
557 3755 637 3813 diviti
650 3760 766 3832 prosunt

836 3372 975 3448 gendum3
1010 3389 1194 3448 quaecumque
1231 3372 1370 3441 chartula,
1409 3389 1449 3430 eu

836 3469 876 3525 gr.
897 3467 952 3507 run
972 3447 1099 3505 induitur
1119 3448 1250 3525 epistola,
1272 3452 1332 3506 eret.

901 3469 1025 3593 luttel,
1055 3542 1095 3601 cg.
1119 3544 1204 3601 parva
1229 3524 1288 3583 nris
1308 3524 1343 3582 nd
1364 3521 1451 3600 pugni

836 3621 882 3660 ma
902 3601 1071 3670 altudinem,
1113 3619 1156 3658 uae
1170 3600 1271 3690 mergit
1282 3601 1313 3659 iu
1328 3602 1451 3678 riparum

837 3622 1019 3813 herffiosarum
1035 3619 1138 3736 fundis.
1152 3679 1186 3737 cf.
1201 3679 1364 3752 Kilfsbet,
1384 3697 1452 3755 pan·

836 3774 882 3813 mc
914 3775 954 3813 us.

150 3833 224 3892 bona
243 3833 267 3890 si
287 3833 362 3890 lanta
383 3832 438 3889 vita
458 3851 558 3890 eorum.
575 3833 680 3890 reditus
700 3850 766 3890 cou-
799 3831 1049 3909 ears-gehreii,
1076 3852 1102 3889 u.
1123 3831 1222 3891 vitium
1241 3830 1450 3909 imaginarium,

150 3911 242 3968 sumit.
271 3942 310 3955 ·-
336 3911 420 3966 Eerst
447 3908 472 3966 'n
501 3910 581 3967 deocd
609 3910 689 3978 roird,
719 3908 769 3967 ind

150 3988 199 4045 den
225 3988 276 4044 mei
300 3987 330 4043 di
348 3987 412 4043 stirt
427 4008 463 4062 pn
484 3995 500 4043 e'
516 3988 574 4043 tora
592 3987 635 4044 nei
653 3986 702 4044 dria
721 3991 764 4054 ta,

147 4065 296 4139 jactatores
311 4062 403 4139 ignavi
417 4067 489 4122 suut.
503 4097 540 4108 —
554 4065 600 4139 Hy
612 4064 680 4120 sedit
692 4063 767 4119 trocle

151 4144 192 4199 im
206 4141 295 4215 fneije
312 4160 380 4207 eers,
407 4139 483 4215 quod
503 4140 663 4214 aggreditur
683 4139 767 4197 letha-

152 4221 205 4276 lem
226 4218 346 4274 minatur
367 4224 504 4273 eventum.
525 4217 648 4274 Burman
671 4219 715 4273 29.
728 4247 768 4259 -

151 4299 213 4372 Dpn
232 4294 310 4350 cors!
349 4292 510 4350 dbsurdum
530 4299 572 4350 est
589 4291 666 4369 quod
679 4291 765 4368 petis!

151 4380 251 4449 (qnare
271 4389 340 4427 arrrrs
355 4374 419 4425 tuus
430 4369 481 4427 boo
495 4389 550 4427 uon
565 4369 665 4445 petiti)
687 4367 766 4426 Idem

150 4452 248 4507 uolaut
259 4446 385 4523 phrases,
396 4448 460 4521 Dpn
473 4447 551 4503 true!
562 4449 624 4522 Dpn
639 4447 767 4502 noas!-

151 4529 184 4583 Jo
199 4527 222 4582 is
234 4525 345 4582 nimmen
359 4528 424 4579 troie
438 4543 468 4580 ns
480 4524 531 4580 dor
544 4542 593 4600 epo
606 4541 677 4592 eers,
698 4523 767 4580 Bur·

837 3907 998 3967 invaletudo
1018 3909 1162 3978 simulata,
1186 3909 1270 3986 paula
1293 3908 1451 3967 necessitas.

836 3988 910 4044 Bere
932 3988 1028 4044 donne
1047 4006 1080 4061 op
1099 3985 1153 4044 reis
1165 3987 1243 4061 jemk
1261 3986 1288 4044 'n
1300 3986 1369 4044 butte
1381 3985 1452 4043 edre·

834 4065 992 4139 pebrekken,
1005 4063 1125 4121 inientes
1139 4063 1166 4121 iu
1181 4063 1280 4121 itinere
1294 4082 1368 4141 saepe
1381 4063 1451 4120 mul·

837 4140 873 4197 tis
917 4139 1040 4216 parvulis
1085 4139 1296 4198 necessitatibus
1338 4138 1451 4197 obnoxii

837 4221 911 4274 suut.
941 4248 980 4289 ς-
1008 4216 1109 4274 Vicina
1136 4216 1250 4274 notione
1279 4215 1347 4273 Hol.
1372 4215 1451 4290 (ΚΗ.)

840 4339 855 4363 ,,
871 4293 939 4350 treet
954 4293 1058 4361 lettere,
1073 4291 1239 4350 coeaturire''
1253 4292 1403 4351 traducunt
1415 4291 1452 4350 ad

838 4369 1008 4427 ardeliouem
1047 4368 1211 4444 gloriosum,
1251 4369 1299 4458 qui
1331 4373 1452 4428 ostentat

834 4446 975 4521 jactatque
1001 4464 1066 4515 suo,
1094 4451 1122 4503 et
1141 4445 1230 4504 multa
1250 4445 1302 4504 sibi
1325 4452 1451 4522 arrogat,

838 4523 903 4580 Ilol.
942 4523 995 4596 H‘p'
1012 4524 1084 4597 deest
1101 4523 1156 4581 veel
1174 4524 1246 4580 duis.

151 4622 224 4661 man.
246 4602 300 4671 37,
320 4620 370 4658 sua
390 4606 482 4670 curat,
508 4601 577 4658 ulios
598 4598 768 4657 frondat-
801 4598 1026 4668 ears-kenne,
1053 4617 1095 4676 cg.
1121 4600 1168 4658 aui
1193 4601 1270 4659 rima.
1294 4600 1339 4675 (ol.
1363 4602 1451 4669 derue,

153 4682 206 4738 Oer
229 4680 299 4746 lora,
320 4696 366 4735 oer
380 4677 434 4747 eor,
456 4683 552 4754 (super
565 4695 663 4745 auum,
684 4696 768 4753 super

151 4762 246 4834 caput)
274 4756 341 4814 Eers
368 4773 413 4812 ner
438 4757 489 4831 dep
511 4755 551 4828 (iu
572 4753 660 4813 diario
682 4755 767 4828 loto)

840 4677 924 4746 rimu;
953 4677 1077 4750 ter-ntaje,
1103 4677 1186 4736 rimas
1206 4676 1348 4750 incidere).
1387 4678 1450 4736 Sar.

833 4755 851 4814 l.
887 4757 1043 4824 sera-darn,
1085 4754 1164 4814 Mhd.
1201 4756 1360 4813 ars-eone.
1403 4753 1452 4812 Nl.
